2908 4982
207 235 272 303 274
567 271 571 277 ·
714 234 745 290 G.
760 234 865 292 Jauellr

206 407 350 467 Isocrates
370 409 482 466 animos
501 424 611 483 eorum,
630 406 683 482 qui
701 408 849 466 orationes
867 407 1007 485 legerent,
1025 404 1082 466 sibi
1100 405 1255 466 conciliare
1273 405 1374 465 voluit.

207 496 265 556 Sed
287 497 410 555 nimiam
433 496 619 575 diligentiam
641 496 728 556 huius
751 495 877 556 rhetoris
904 496 936 554 in
958 495 1044 555 rebus
1073 495 1111 555 ad
1133 496 1377 574 compositionem

206 586 362 646 verborum
380 584 595 664 pertinentibus
613 587 674 645 iam
691 586 822 662 antiquis
840 585 1031 663 scriptoribus
1049 587 1182 663 ineptam
1200 586 1296 646 visam
1316 603 1378 645 esse

208 679 332 754 apparet
350 695 385 735 ex
402 674 561 734 Plutarcho
580 674 616 734 de
635 675 708 754 glor.
726 674 833 734 Athen.
852 696 881 753 p.
896 675 961 734 350
969 674 1003 734 Ε.

294 766 438 825 Isocrates
458 768 557 825 autem
574 766 693 824 tautum
711 765 819 840 effecit,
844 767 879 823 ut
896 765 990 843 magis
1013 766 1166 843 magisque
1185 765 1326 842 aequales
1349 782 1383 823 ac

206 857 383 932 posteriores
396 855 452 914 hac
464 857 541 914 inre
555 874 622 914 eum
636 853 722 930 quasi
735 854 839 914 ducem
857 857 1054 931 sequerentur.
1086 855 1205 914 Isaeum
1218 856 1248 914 et
1260 853 1383 913 Aristo·

207 945 296 1004 telem
314 944 472 1004 dationem
495 944 534 1003 ed
555 943 631 1002 illud
648 946 840 1021 praeceptum
862 944 1096 1004 accommodasse
1119 961 1209 1022 supra
1234 943 1385 1019 vidimus3

206 1034 429 1112 Theopompum
452 1052 568 1110 quoque
590 1033 705 1093 hiatum
724 1035 849 1093 evitasse
869 1032 969 1093 cicero
988 1033 1073 1093 docet
1091 1025 1145 1116 (or.
1163 1025 1251 1114 150),
1268 1033 1384 1092 Demo-

206 1124 339 1183 sthenem
367 1123 469 1182 multis
497 1120 680 1182 orationibus
708 1123 803 1201 legem
830 1123 1009 1183 Isocrateam
1037 1125 1120 1199 sequi
1147 1125 1287 1183 conatum
1316 1140 1385 1182 esse

206 1214 344 1274 Benseler
362 1212 492 1273 ostendit
510 1204 560 1295 (cf.
579 1212 673 1272 Blass.
692 1213 711 1271 l.
731 1203 777 1293 8.).
814 1212 859 1272 Ac
881 1232 917 1272 ne
935 1211 1022 1273 Plato
1042 1213 1161 1289 quidem
1178 1213 1263 1271 illam
1281 1212 1385 1291 legem

205 1305 321 1363 vitavit.
366 1302 456 1380 Apud
478 1302 556 1361 hunc
580 1305 679 1362 autem
701 1302 793 1361 talem
815 1302 1009 1384 anxietatem,
1031 1302 1128 1379 qualis
1153 1301 1303 1362 Isocratea
1332 1303 1385 1377 sit,

204 1412 264 1452 non
286 1394 413 1452 inveniri
436 1393 663 1452 consentaneum
686 1393 738 1451 est.
779 1391 885 1467 Itaque
908 1410 1096 1469 nequaquam
1118 1394 1274 1468 miramur,
1298 1391 1386 1468 quod

207 1480 308 1542 Cicero
326 1483 374 1542 vel
393 1483 496 1542 auctor
514 1482 584 1556 eius,
604 1482 655 1557 qui
669 1481 808 1541 Isocratis
828 1483 922 1541 artem
937 1479 1140 1541 admirabatur
1154 1473 1204 1564 (cf.
1219 1482 1294 1540 orat.
1310 1472 1385 1561 42),

205 1574 364 1648 postquam
386 1571 546 1648 explicavit
563 1570 787 1648 Theopompum
810 1572 840 1630 et
857 1570 1019 1631 Isocratem
1038 1588 1212 1632 concursum
1229 1570 1385 1630 vocalium

205 1662 329 1740 fugisse,
346 1663 445 1739 pergit
463 1652 515 1742 (ib.
537 1651 627 1741 151):
651 1659 715 1736 „At
731 1679 791 1720 non
809 1659 1011 1741 Thucydides:
1034 1679 1071 1720 ne
1089 1661 1141 1720 ille
1160 1660 1279 1736 quidem
1296 1659 1385 1719 haud

205 1752 295 1827 paulo
313 1751 409 1810 maior
427 1752 553 1827 scriptor
571 1748 684 1809 Plato.“
1016 1812 1020 1822 ,

293 1840 471 1916 Priusquam
494 1839 532 1899 ad
550 1839 649 1898 hiatus
668 1839 747 1918 apud
765 1838 921 1900 Platonem
944 1839 1046 1900 obvios
1065 1839 1277 1899 enumerandos
1295 1840 1384 1898 tran-

205 1947 335 2005 seamus,
353 1929 509 1989 dicendum
527 1931 572 1989 est
589 1929 718 1989 editione
737 1927 873 1989 Schanzii
891 1946 944 1990 nos
967 1947 1035 1990 usos
1054 1947 1130 2004 esse,
1148 1932 1183 1988 ut
1200 1929 1384 2006 perspicere-

205 2038 270 2080 mus
288 2036 424 2079 numeros
442 2019 578 2078 hiatuum
596 2017 760 2097 Apologiae
775 2018 940 2079 Gharmidis
960 2017 1096 2079 Convivii
1115 2017 1229 2095 Oratyli
1249 2016 1384 2078 Critonis

205 2109 386 2186 Euthydemi
408 2107 630 2186 Euthyphronis
654 2107 780 2187 Gorgiae
802 2109 932 2187 Hippiae
957 2110 1080 2169 minoris
1104 2106 1241 2168 Lachetis
1263 2106 1384 2186 Legum

206 2216 255 2258 sex
273 2201 406 2276 priorum
428 2197 570 2257 librorum
588 2196 706 2274 Lysidis
729 2198 882 2258 Menexeni
904 2198 1038 2258 Menonis
1060 2197 1227 2258 Phaedonis
1249 2196 1383 2256 Phaedri

205 2288 386 2367 Protagorae
414 2285 571 2365 Sophistae
598 2286 766 2363 Theaeteti3
793 2287 922 2348 editione
948 2286 1113 2366 Gampbelli
1140 2285 1320 2358 utholitiei
1351 2288 1385 2344 et

205 2377 410 2454 Reipublicae,
437 2377 653 2437 commentariis
682 2377 792 2436 criticis
817 2377 1007 2437 Immanuelis
1035 2375 1178 2453 Bekkeri,
1204 2378 1240 2434 ut
1267 2373 1383 2434 Critiae

205 2466 318 2546 Legum
345 2485 395 2528 sex
420 2467 618 2543 posteriorum
643 2464 787 2525 librorum
815 2465 931 2526 Philebi
958 2467 1073 2527 Timaei
1100 2467 1215 2527 numeri
1241 2465 1383 2525 biatuum

205 2558 447 2635 perspicerentur.

293 2646 380 2705 Nunc
398 2647 498 2706 autem
516 2645 675 2705 difficultas
693 2662 808 2705 summa
826 2648 892 2705 orta
910 2663 971 2705 esse
990 2645 1121 2723 videtur,
1139 2646 1223 2724 patet
1241 2645 1320 2705 enim
1340 2632 1380 2703 ad

205 2737 321 2796 hiatum
338 2737 400 2796 sive
418 2735 590 2796 evitandum
607 2737 669 2795 sive
688 2735 904 2794 admittendum
921 2737 1029 2794 summi
1053 2737 1196 2796 momenti
1217 2751 1281 2794 esse
1299 2733 1381 2794 ordi-

205 2846 273 2885 nem
295 2825 463 2902 verborum,
486 2845 574 2902 quem
596 2826 628 2883 in
646 2823 780 2884 Platonis
805 2823 888 2882 libris
912 2826 984 2884 satis
1006 2824 1109 2884 multis
1132 2825 1204 2885 locis
1229 2825 1380 2883 mutatum

202 2934 268 2989 ‚esse
284 2916 453 2995 fragmenta
470 2914 607 2975 Lachetis
625 2912 849 2990 Phaedonisque
868 2913 1053 2992 dialogorum
1073 2916 1194 2991 papyris
1213 2914 1297 2977 tertii
1315 2931 1378 2973 sae—

205 3007 265 3065 culi
283 3025 308 3066 a.
324 3004 391 3066 Ohr.
405 3025 433 3064 n.
447 3004 560 3064 tradita
578 3003 860 3063 demonstraverunt
892 3002 1016 3063 Accedit
1029 3004 1124 3082 igitur
1137 3003 1175 3062 ad
1189 3003 1263 3063 duos
1281 3004 1378 3063 fontes

205 3097 363 3156 memoriae
376 3094 510 3154 Platonis
523 3094 648 3169 nostros,
663 3094 725 3153 scil.
740 3092 778 3152 ad
797 3093 911 3153 codices
929 3095 960 3152 et
973 3095 1084 3171 scripta
1100 3112 1201 3153 eorum
1215 3095 1378 3166 auctorum,

206 3188 258 3261 qui
270 3186 350 3245 locos
364 3184 533 3247 Platonicos
551 3182 685 3258 laudant,
702 3185 817 3258 tertius,
837 3184 889 3259 qui
907 3183 945 3242 ad
963 3201 1073 3260 paucos
1091 3183 1210 3243 tantum
1228 3182 1308 3242 locos
1326 3181 1378 3240 ad·

205 3275 263 3334 huc
280 3275 416 3352 pertinet.
446 3272 520 3333 Cum
538 3276 638 3332 autem
652 3273 808 3348 scriptores
822 3270 948 3332 Platone
961 3273 1147 3335 mlaudantes
1161 3272 1199 3332 iis
1216 3272 1299 3347 locis,
1314 3271 1377 3347 qui·

205 3363 259 3423 bus
273 3363 363 3424 verba
377 3364 439 3423 eius
453 3363 610 3442 diligenter
624 3363 727 3422 afferre
741 3353 932 3443 studentfl‘),
949 3360 1010 3422 fere
1024 3362 1132 3439 ubique
1147 3381 1214 3422 cum
1228 3360 1378 3421 codicibus

206 3454 392 3514 consentiant
410 3445 506 3535 (velut
522 3452 706 3512 lamblichus
725 3451 757 3509 in
770 3449 964 3528 Protreptico,
984 3450 1153 3530 Simplicius
1171 3454 1204 3511 in
1223 3452 1376 3512 comment.

206 3545 244 3603 ad
257 3543 419 3620 Aristotel,
437 3542 580 3605 Eusebius
598 3542 631 3601 in
648 3560 783 3620 praepar.
800 3533 918 3622 evang.)
928 3532 994 3622 111’),
1012 3541 1180 3620 fragmenta
1197 3560 1377 3619 papyrorum

204 3634 307 3694 multis
321 3634 393 3694 locis
407 3632 559 3694 meliorem
577 3632 749 3692 memoriam
762 3630 896 3692 Platonis
911 3650 1001 3707 quam
1015 3632 1142 3708 optimos
1161 3631 1275 3692 codices
1293 3648 1376 3708 prac-

295 3809 327 3857 11
337 3805 363 3873 a)
382 3803 480 3872 Itaque
500 3802 661 3858 discrimina
679 3803 753 3857 inter
771 3802 850 3857 codd.
874 3804 984 3857 nostros
1009 3803 1038 3856 et
1062 3800 1225 3857 memoriam
1242 3799 1375 3867 Platonis,

206 3892 279 3945 quac
292 3876 322 3928 in
336 3875 432 3930 libello
446 3878 509 3944 περὶ
522 3877 613 3943 ὕψου(
626 3875 774 3942 invenitur,
793 3874 865 3928 nihil
877 3874 997 3945 probare
1010 3875 1143 3944 possunt:
1161 3888 1228 3927 uam
1241 3872 1376 3927 Henricus

206 3947 305 4001 Hersel
323 3947 388 4001 diss.
413 3946 495 4016 „an
517 3947 549 4000 ia
570 3948 690 4002 citoaadis
706 3948 870 4015 scriptorum
888 3953 913 4002 ct
927 3951 1072 4015 posteriora
1096 3946 1162 4002 locis
1179 3951 1276 4000 aucwr
1293 3944 1376 3999 libelli

205 4022 282 4088 περὶ
304 4019 500 4085 tuccessit
522 4019 646 4073 ratioac“
664 4016 753 4073 Bcrol.
776 4022 844 4072 1884
862 4036 889 4088 p.
905 4023 939 4072 48
961 4018 1037 4072 reete
1058 4017 1173 4087 exponit
1195 4018 1336 4071 auctorem
1360 4030 1375 4069 e

206 4089 341 4145 memoria
360 4088 496 4145 attulisse.

296 4160 364 4231 llb)
388 4160 517 4215 Proelum
544 4177 655 4229 quoque
680 4161 738 4216 fere
764 4160 881 4215 eandem
906 4159 1032 4215 Platonis
1056 4160 1191 4214 librorum
1214 4159 1374 4214 memoriam

207 4249 292 4301 quam
314 4249 365 4287 nos
388 4234 454 4286 ante
477 4233 573 4287 oeulos
595 4232 728 4287 habuisse
752 4234 869 4303 apparet
892 4232 1110 4286 calcationibus
1130 4230 1373 4285 commentarioin

207 4304 352 4358 Timaeum
369 4303 490 4359 traditis.
527 4304 647 4376 Egregie
666 4307 760 4359 autem
773 4304 877 4358 Paulus
890 4303 1015 4358 Rawack
1032 4304 1062 4357 in
1080 4302 1177 4357 libello
1192 4303 1237 4357 De
1250 4303 1374 4357 Platonis

208 4377 319 4431 Timaeo
333 4377 501 4447 qaaestioms
514 4378 624 4431 criticae
642 4376 773 4443 ostendit,
792 4375 931 4443 quomodo
949 4375 1085 4430 nonnulla
1101 4374 1205 4428 codicis
1219 4373 1337 4428 Parisini
1350 4372 1373 4424 A

207 4446 377 4516 glossemata
400 4446 444 4502 vel
468 4447 640 4517 corruptelae
663 4446 830 4502 lectionibus
849 4446 941 4501 Procli
964 4445 1098 4502 adhibitis
1120 4445 1237 4515 reperiri
1254 4445 1370 4514 possent.
