2908 4982
229 716 342 796 ἔ

375 851 392 881 2
360 716 402 776 5-

460 715 491 772 t=¹

416 761 500 1664 ffifflmffifflffifisszffi.

280 1652 297 1682 ’l
378 1651 394 1680 ‘l
576 1651 581 1662 '
619 1650 626 1662 ‘

231 1696 317 1773 Lysis
353 1739 626 1754 .......

231 1786 407 1844 Menexenus
443 1828 626 1843 .....

231 1875 318 1934 Meno
355 1916 626 1932 .......

231 1963 421 2022 Parmenides
442 2005 626 2020 .....

231 2051 350 2111 Phaedo
399 2095 627 2110 ......

231 2141 382 2201 Phaedrus
400 2184 627 2199 ......

231 2230 372 2290 Philebus
399 2273 626 2289 ......

232 2319 375 2379 Politicus
399 2363 626 2377 ......

228 2408 411 2486 ,Protagoras
444 2450 627 2466 .....

232 2497 411 2574 Respublica
445 2541 628 2554 .....

232 2586 423 2663 Reipublicae
444 2584 493 2644 lib.
545 2584 584 2641 I.
622 2630 627 2642 .

322 2809 338 2839 ’a
454 2807 471 2837 ll
578 2809 584 2821 ¹
622 2808 628 2820 ⁸

331 2899 338 2929 l
455 2896 472 2928 ‘l
578 2897 584 2909 ⁸
622 2897 628 2908 ⁰

502 3119 629 3176 V..

456 3074 473 3104 ll

457 3163 473 3193 ’a

323 3253 339 3287 v
457 3251 473 3282 u

456 3340 473 3369 ‘7

531 2673 561 2730 Π

515 2761 562 2820 ΠΙ

517 2850 561 2908 IV

457 2986 474 3016 a
534 2939 629 2997 ν’·

520 3028 629 3086 VI..

531 3118 562 3176 H

487 3207 562 3265 VIH

520 3295 562 3354 IX

533 3384 560 3441 X

235 3428 408 3548 Sophidta.
446 3429 497 3532 .”.
535 3518 541 3529 .

236 3562 411 3620 Theaetetus
447 3606 629 3620 .....

236 3651 373 3710 Timaeus
403 3693 631 3709 ......

324 3800 485 3876 Postquam
503 3799 743 3876 frequentiam
756 3801 855 3859 hiebus
869 3800 901 3858 in
915 3800 1040 3879 singulis
1054 3799 1181 3878 dialogis
1194 3802 1401 3877 perspeximus,

236 3893 419 3950 transeamus
442 3889 566 3948 adeius
588 3908 725 3967 genera
770 3888 906 3949 Profecto
929 3891 1111 3949 enumeratio
1133 3909 1234 3949 eorum
1257 3889 1295 3948 ad
1314 3888 1400 3949 linem

237 3981 370 4039 nostrum
384 3979 504 4038 minime
518 3981 681 4038 necessaria
695 3995 757 4038 esse
766 3978 897 4054 videtum
915 3997 985 4037 nam
998 3979 1154 4057 generibus
1167 3980 1268 4038 hiatus
1282 3978 1398 4039 chrono-

236 4069 318 4146 logia
336 4070 370 4126 ut
388 4068 553 4128 illustretur
571 4068 689 4128 omnino
706 4067 771 4126 fieri
789 4087 848 4128 non
865 4070 972 4144 potest,
991 4087 1058 4127 cum
1075 4069 1154 4128 inter
1172 4087 1207 4127 ea
1226 4087 1323 4147 pugna
1338 4086 1397 4127 non

237 4158 332 4217 exstet
354 4157 384 4215 et
406 4159 505 4216 omnia
528 4175 635 4235 genera
656 4159 688 4216 in
711 4156 845 4217 omnibus
868 4157 995 4236 dialogis
1022 4159 1220 4218 inveniantur.
1265 4157 1397 4217 sednon

237 4262 391 4323 possumus
408 4263 468 4304 non
487 4245 646 4323 disputare,
664 4249 764 4305 utrum
782 4266 890 4325 genera
906 4247 1006 4307 hiatus
1029 4247 1175 4324 quaedam
1193 4247 1323 4307 ducenda
1338 4249 1397 4306 sint

236 4336 268 4392 in
288 4335 458 4411 quaestione
479 4338 581 4395 nostra
603 4352 701 4395 necne.
737 4336 773 4394 In
795 4335 868 4396 duas
891 4336 997 4397 classes
1021 4356 1128 4415 genera
1150 4337 1250 4397 hiatus
1273 4335 1395 4396 dividere

236 4441 391 4501 possumus
414 4415 446 4506 a)
465 4425 497 4482 in
520 4444 597 4501 eam,
623 4426 671 4483 cui
694 4443 849 4485 concursus
872 4427 951 4484 intra
976 4425 1055 4486 idem
1080 4427 1266 4488 enuntiatum
1289 4425 1394 4487 inventi
