2908 4982
502 281 684 348 Quaestiones
702 281 872 339 Platonicae.
1204 283 1267 348 271

96 469 135 509 ex
159 450 264 510 Zelleri
287 452 582 513 commentationibus
606 452 742 512 concludi
763 454 870 530 possit,
892 472 982 530 quam
1004 453 1061 513 sibi
1083 471 1196 513 sumere
1219 454 1269 512 ob-

95 543 280 600 servationes
297 542 355 601 viri
374 544 484 621 egregii
502 543 613 603 nullius
631 544 720 619 pretii
739 561 807 602 esse.
843 543 938 602 Nobis
961 546 1039 602 enim
1061 543 1132 602 illae
1150 544 1269 602 tabulae

94 632 233 689 nostram
250 631 397 691 rationem
414 633 539 709 probare
558 632 711 692 videntur:
736 651 806 691 nam
823 635 858 707 si,
877 634 963 693 611611
981 634 1062 710 parti
1075 633 1217 710 epistulas
1236 652 1271 692 ac

95 720 211 797 scripta
228 720 352 796 minora,
372 722 458 781 alteri
472 724 584 800 scripta
596 724 711 782 maiora
728 722 899 798 tribuentes,
919 722 1026 781 Zelleri
1041 721 1174 781 tabulam
1192 724 1270 799 prio·

93 829 160 869 rem
178 810 421 887 perspexerimus,
438 813 621 872 inveniemus
639 811 724 872 haee:

206 961 279 998 num.
300 945 423 1016 stigmat.
443 946 474 1000 in
492 946 572 1016 epist.
593 949 644 1001 etc.
749 964 824 1000 num.
845 946 937 1017 stigm.
957 946 987 1000 in
1006 963 1056 1000 scr.
1076 945 1142 1000 mai.

282 1035 319 1101 a⁰
343 1045 426 1103 1831
522 1047 583 1104 102
809 1037 846 1103 a⁰
870 1045 954 1104 1835
1048 1045 1089 1103 54

383 1136 424 1193 38
517 1136 578 1193 101
914 1134 955 1192 35
1047 1134 1087 1193 41

383 1223 424 1281 48
517 1222 579 1282 115
913 1225 956 1282 40
1047 1223 1089 1281 62

383 1313 423 1371 56
518 1308 580 1370 114
914 1313 955 1372 64
1046 1312 1087 1370 le

383 1401 423 1460 58
516 1403 579 1460 108
913 1401 954 1459 64
1046 1400 1087 1459 57

383 1490 423 1548 66
538 1491 579 1548 88

383 1580 424 1637 70
536 1578 578 1637 85

383 1669 424 1726 70
538 1669 576 1726 71

382 1758 422 1815 72
537 1758 578 1817 38

188 1881 323 1959 Apparet
344 1883 438 1958 igitur
460 1882 603 1957 epistulas
626 1884 657 1940 61
679 1883 791 1958 scripta
813 1883 929 1940 minora
952 1885 1088 1942 accurate
1112 1903 1130 1941 a
1153 1885 1272 1961 seriptis

96 1970 258 2030 maioribus
273 1969 464 2029 discernenda
477 1988 552 2047 esse;
566 1990 636 2029 nam
651 1973 879 2030 consentaneum
892 1971 938 2030 est
952 1971 1034 2030 aliud
1048 1991 1141 2051 genus
1155 1973 1272 2033 dicendi

96 2063 130 2120 in
153 2060 287 2136 epistulis
310 2061 359 2118 vel
382 2061 499 2136 scriptis
522 2060 561 2119 ad
583 2060 736 2139 volgarem
759 2078 876 2119 sensum
899 2061 1109 2137 6666161616,
1136 2062 1218 2121 61161
1240 2065 1272 2122 11

95 2153 130 2209 in
156 2149 273 2226 scriptis
297 2148 333 2207 ab
356 2148 561 2228 intellegentia
583 2150 700 2229 volgari
724 2150 846 2209 remotis
871 2142 1007 2231 inesse.⁸)
1050 2151 1193 2211 Attamen
1217 2152 1273 2212 illa

95 2238 202 2298 tabula
221 2238 258 2297 ad
277 2238 499 2318 chronologiam
518 2238 631 2317 aliquid
651 2238 782 2299 conferre
805 2241 916 2316 potestz
938 2259 1009 2298 nam
1026 2239 1160 2300 videmus
1179 2260 1271 2320 genus

96 2327 217 2388 dicendi
235 2328 429 2405 epistularum
455 2331 486 2388 et
503 2330 681 2406 scriptorum
699 2330 847 2388 minorum
865 2331 963 2388 aetate
981 2329 1158 2407 procedente
1175 2332 1271 2409 magis

95 2419 252 2496 magisque
271 2417 309 2476 ad
332 2436 418 2478 usum
436 2418 613 2494 scriptorum
631 2420 792 2492 maiorum,
816 2419 868 2495 qui
886 2436 1000 2495 semper
1022 2420 1083 2479 fere
1100 2418 1180 2479 idem
1199 2424 1272 2495 erat,

98 2506 321 2568 accomodatum
335 2525 411 2583 esse;
429 2507 581 2585 6661616
599 2508 652 2567 illo
672 2509 804 2585 exemplo
820 2500 868 2590 (1ο
876 2500 932 2588 IX)
946 2509 1071 2568 refutari
1086 2528 1146 2569 non
1163 2512 1270 2586 potest.

187 2597 293 2673 Itaque
311 2599 348 2655 iis
368 2599 558 2675 argumentis,
577 2617 653 2674 quae
673 2597 768 2656 Zeller
782 2594 886 2657 attulit
899 2600 1003 2657 contra
1020 2599 1176 2675 rationem,
1195 2619 1270 2675 quae

97 2707 134 2746 ex
158 2688 287 2745 numeris
315 2687 409 2745 certas
434 2689 588 2762 tamquam
614 2686 751 2762 periodos
774 2686 909 2746 Platonis
932 2688 1070 2748 dictionis
1093 2682 1271 2749 66161116616

97 2776 207 2850 studet,
226 2775 404 2852 adstipulari
422 2794 482 2834 non
499 2793 662 2852 possumus.

185 2865 362 2942 Nuperrime
372 2864 443 2925 Otto
456 2865 596 2926 Immisch
606 2885 671 2925 eam
679 2867 869 2943 impugnavit
878 2858 975 2948 (Neue
983 2865 1010 2925 J
1008 2867 1106 2926 611111.
1117 2867 1271 2939 1161666.

96 2953 199 3014 Alteri.
212 2956 306 3029 1899,
319 2975 347 3030 6.
364 2955 429 3014 440
438 2948 524 3035 sqq).
548 2956 649 3015 1111611
662 2956 711 3015 1116
724 2957 771 3015 vir
784 2954 888 3015 doctus
902 2950 1156 3015 Lutoslavvskium
1173 2977 1270 3033 repre-

96 3044 214 3118 hendit,
237 3044 350 3119 quain
372 3064 404 3103 16
427 3063 495 3103 6611
513 3063 547 3104 66
569 3045 658 3121 61616
677 3046 883 3105 consentimus.
921 3045 1051 3104 Tantum
1070 3048 1169 3103 autem
1188 3046 1272 3106 abest

96 3136 132 3193 ut
146 3136 342 3210 quaestiones,
362 3133 487 3209 quaeda
502 3134 629 3193 dictione
642 3134 763 3193 habitae
778 3135 846 3209 sint,
865 3134 977 3193 nullius
991 3137 1082 3211 pretii
1096 3152 1157 3193 esse
1176 3139 1270 3212 66161,

96 3227 199 3297 6166,
222 3241 297 3298 6666
316 3222 352 3282 16
371 3222 499 3283 dictione
517 3223 661 3282 librorum
679 3223 813 3282 Platonis
835 3225 1097 3300 postremorum
1116 3225 1271 3284 enucleata

97 3313 172 3387 sint,
198 3311 235 3370 ad
258 3311 480 3390 chronologiam
504 3313 610 3372 horum
634 3312 778 3373 librorum
801 3312 990 3372 statuendam
1014 3313 1142 3373 multum
1167 3315 1271 3373 auxilii

98 3402 187 3462 affere
212 3401 353 3460 66166161
378 3393 419 3483 (p.
443 3394 583 3481 laessi).
626 3402 671 3461 De
697 3402 824 3480 dialogis
849 3404 947 3480 priore
973 3404 1071 3461 661616
1097 3405 1270 3481 conscriptis

98 3490 283 3550 immischius
297 3493 388 3569 negat
402 3493 561 3568 quicquam
575 3493 647 3551 certi
661 3511 696 3551 er
710 3493 839 3551 numeris
853 3491 989 3552 concludi
1002 3510 1101 3568 posse,
1119 3513 1189 3551 nam
1204 3513 1270 3553 eum

99 3579 299 3658 quaerendum
312 3583 360 3656 sit,
377 3601 449 3639 num
462 3581 550 3640 Plato
565 3581 723 3641 dictionem
739 3580 796 3640 sibi
814 3583 923 3641 inscius
941 3582 1089 3657 paulatim
1103 3584 1271 3642 immutarit

99 3691 138 3730 an
156 3669 290 3729 consulto
313 3672 486 3745 variaverit,
509 3672 598 3747 putat
619 3673 651 3729 in
675 3690 780 3749 genere
800 3670 917 3730 dicendi
935 3688 1081 3730 summam
1099 3689 1161 3731 esse
1179 3674 1271 3745 „frede

105 3758 390 3833 Willeoseatfoltuop
414 3761 464 3819 des
488 3759 701 3829 Stiltdoestlers,
729 3761 850 3819 diadas
877 3760 1095 3820 mechanischeo
1121 3762 1270 3821 Tabellas·

99 3853 203 3910 1666166
222 3847 422 3923 (decolarata
442 3849 549 3909 edomat
566 3850 702 3923 6166161611
720 3853 832 3924 spotte“
851 3840 996 3931 (6447).

188 3936 265 3997 Sane
284 3937 501 3997 eoncedendum
519 3941 564 3998 est
582 3938 708 3999 11666111
725 3956 811 4016 posse
833 3939 912 3997 11161
930 3957 995 3997 eam
1018 3939 1133 4017 generis
1153 3939 1270 4000 dicendi

99 4028 303 4102 mutationem,
321 4045 396 4102 quae
410 4028 553 4104 scriptore
566 4029 660 4088 116616
673 4028 736 4103 fiat,
754 4030 785 4087 et
798 4047 864 4087 eam
878 4047 953 4104 quae
971 4030 1104 4088 66166116
1123 4029 1204 4089 facta
1221 4031 1268 4089 611.

188 4201 213 4267 8)
232 4197 293 4252 Η66
307 4196 393 4252 etiam
408 4198 445 4252 ad
458 4197 615 4252 Platonis
634 4198 805 4268 epistulas
820 4231 853 4239 -
868 4214 935 4253 nam
949 4201 1041 4253 cetera
1056 4199 1150 4253 omnia
1165 4199 1269 4270 scripta

98 4270 128 4324 in
142 4285 257 4323 numero
271 4269 405 4324 librorum
419 4269 455 4323 ab
469 4269 616 4324 intellectu
625 4270 701 4341 volgi
714 4272 883 4325 remotorum
898 4270 963 4324 duci
980 4270 1081 4325 debere
1095 4270 1225 4324 videntur
1235 4304 1268 4312 -

99 4341 237 4410 quadrare
250 4342 374 4395 nondum
388 4341 573 4396 demonstrari
585 4344 687 4410 potest,
707 4358 770 4395 oum
784 4341 873 4396 Zeller
891 4342 964 4396 hano
977 4342 1052 4396 viam
1069 4340 1268 4397 intercluderet

100 4411 143 4482 (cf.
162 4412 181 4465 1.
202 4428 223 4465 6.
243 4430 269 4480 6.
286 4415 342 4483 10);
368 4428 458 4480 16666
484 4414 559 4467 enim
583 4415 735 4467 nostrum
760 4416 803 4467 est
828 4413 975 4467 ostendere
998 4413 1134 4482 epistulas
1160 4414 1268 4484 corpori

99 4484 234 4539 librorum
251 4482 459 4539 Platonicorum
477 4484 597 4540 insertas
615 4484 742 4540 Platonis
761 4500 828 4539 esse.
