2908 4982
246 293 311 359 266
755 294 786 350 G.
801 294 906 350 lanell:

245 482 316 540 esse,
334 465 369 523 ut
385 467 583 543 proprietates
602 468 753 541 sermonis,
771 484 847 542 quae
866 464 1050 542 quaerendae
1068 467 1137 539 sint,
1155 467 1280 527 minime
1303 486 1326 525 a
1351 463 1435 524 rebus

245 556 381 614 tractatis
406 555 561 632 pendeant.
604 555 703 632 Atque
729 554 850 616 accedat
871 556 988 633 oportet
1011 555 1178 632 frequentia
1200 556 1436 633 proprietatun

245 644 493 704 enucleandamm
506 662 629 721 summa,
649 665 715 705 cum
730 647 778 720 „in
791 646 892 723 parvis
905 646 1034 704 numeris
1048 662 1163 721 semper
1180 644 1216 703 de
1235 662 1315 705 casu
1337 646 1438 722 possit

245 731 404 811 cogitari“;
428 733 503 793 fiant
525 734 650 812 denique
675 736 792 811 oportet
815 733 1034 796 dossrrationes
1056 736 1171 810 variae,
1195 754 1274 811 quae
1304 736 1439 794 minim

244 824 323 882 inter
341 841 371 882 se
388 822 544 901 pendeant.
829 880 838 903 ,.

334 911 367 971 Si
384 912 440 973 hae
463 913 543 992 leges
561 914 696 974 servatae
714 916 814 990 amnt,
839 915 904 979 tum
927 912 1045 973 demum
1068 913 1179 973 certam
1198 912 1442 992 chronologiam

247 1001 434 1062 Platonicam
451 1021 505 1062 nos
524 1006 729 1064 consecuturos
748 1022 811 1064 esse
830 1004 943 1081 sperari
960 1003 1066 1080 potest.

334 1092 423 1151 Illani
439 1094 528 1168 mam,
546 1112 606 1169 qua
621 1092 734 1169 aliquid
749 1092 786 1152 ad
800 1095 966 1170 temporum
981 1092 1114 1153 ordinem
1127 1092 1269 1152 librorum
1287 1092 1442 1153 Platonis

246 1180 457 1241 illustrandum
475 1183 650 1257 conferrent,
668 1182 833 1260 complures
851 1182 909 1242 viri
927 1181 1007 1241 docti
1024 1183 1161 1241 inierunt.

334 1269 478 1330 Ludovici
498 1263 692 1353 campbelli1)
717 1270 798 1332 scoti
819 1271 1070 1346 dissertationem,
1093 1274 1145 1348 qui
1166 1273 1283 1349 primus
1311 1273 1443 1350 praefa-

245 1359 335 1419 tionis
359 1359 397 1418 ad
416 1360 574 1420 editionem
592 1360 747 1438 Sophistae
766 1362 796 1420 et
813 1360 933 1421 Politici
951 1360 1137 1440 dialogorum
1154 1381 1182 1438 p.
1196 1360 1275 1419 XIX.
1290 1379 1368 1438 sqq.
1395 1361 1444 1420 oh

245 1450 426 1509 servationes
451 1452 593 1510 sermonis
621 1449 659 1509 ad
687 1450 908 1528 chronologiam
936 1448 1083 1509 adhibitas
1111 1452 1302 1528 perscripsit,
1335 1452 1441 1512 solum

245 1540 409 1618 tangimus,
434 1558 501 1598 cum
519 1541 705 1617 quaestiones
723 1539 811 1598 huius
828 1541 887 1600 viri
909 1538 946 1599 de
963 1538 1087 1599 Platone
1106 1541 1217 1615 optime
1234 1542 1348 1599 meriti
1370 1542 1443 1600 tan·

146 1674 149 1679 .
244 1629 310 1688 tum
333 1628 371 1687 ad
393 1647 502 1706 paucos
525 1629 659 1708 dialogos
682 1630 858 1707 pertineant.
894 1628 952 1688 Hlo
975 1629 1040 1689 loco
1063 1631 1110 1689 vir
1133 1629 1236 1689 doctus
1259 1647 1369 1708 genus
1399 1629 1441 1688 di·

245 1716 330 1777 o'endi
354 1715 511 1796 Sophistae
533 1722 563 1778 et
581 1718 700 1779 Politici
725 1718 813 1779 valde
836 1717 1028 1778 abhorreres
1049 1718 1212 1796 Republica
1237 1721 1267 1778 et
1288 1718 1441 1780 Phaedro

245 1806 387 1884 ostendit,
412 1809 444 1866 in
468 1808 515 1867 his
541 1809 735 1886 colloquium,
759 1828 818 1884 quo
844 1825 943 1867 omnes
964 1809 1016 1884 qui
1037 1807 1175 1868 audirent
1194 1807 1439 1879 delectarentur,

245 1913 321 1972 esse,
339 1898 371 1956 in
388 1897 449 1956 illis
468 1895 590 1957 docendi
608 1899 762 1958 rationem.
799 1897 912 1957 Deinde
928 1898 1077 1974 permulta
1094 1897 1240 1957 vocabula
1259 1900 1440 1967 enumerat

245 2004 321 2062 quae
339 1986 512 2063 plerumque
527 1985 684 2063 Sophistae
698 1986 874 2064 Politicique
892 1989 923 2046 et
935 1986 1049 2065 Legum
1063 1987 1178 2045 Timaei
1197 1985 1314 2047 Critiae
1329 1987 1436 2047 Phile-

244 2074 333 2151 bique
351 2078 473 2152 propria
490 2078 559 2136 sint.
593 2076 729 2152 Denique
747 2074 834 2137 rebus
852 2077 1067 2155 grammaticis,
1085 2078 1300 2154 compositione
1321 2078 1437 2137 verbo·

245 2185 320 2241 rum,
337 2168 467 2225 numeris
482 2164 649 2243 Sophistam
664 2165 882 2242 Politicumque
896 2167 1050 2225 'limaeam
1068 2164 1192 2225 Oritiam
1209 2165 1307 2245 Leges
1328 2169 1445 2244 proxim

244 2272 308 2315 mos
327 2272 388 2314 esse
407 2254 609 2315 demonstrare
628 2246 792 2336 conatur.¹)
1444 2250 1445 2255 ’

335 2343 478 2404 Venimus
497 2363 575 2404 nunc
589 2344 626 2404 ad
642 2344 821 2405 Guilelmum
834 2344 1052 2422 Dittenberger,
1070 2345 1122 2421 qui
1137 2341 1350 2421 Gamphellum
1370 2347 1433 2406 iam

244 2432 360 2512 pridem
383 2435 492 2493 similia
516 2437 609 2513 egisse
628 2436 765 2511 nescivit,
784 2454 851 2494 cum
869 2435 888 2493 l.
909 2453 933 2493 a.
953 2435 1094 2493 sermonis
1112 2433 1260 2493 Platonici
1284 2435 1432 2495 observa·

245 2525 341 2583 tiones
360 2523 473 2600 aliquid
493 2523 531 2582 ad
549 2526 690 2602 temporis
709 2523 842 2584 ordinem
855 2523 1042 2603 dialogorum
1058 2525 1120 2584 eius
1140 2525 1269 2583 auctoris
1288 2526 1433 2584 conferre

244 2630 330 2690 posse
353 2611 575 2673 demonstraret.
613 2613 766 2674 Profectus
793 2616 837 2674 est
856 2613 892 2673 ab
912 2632 947 2672 ea
964 2614 1110 2673 sententia
1129 2632 1205 2690 quae
1223 2616 1269 2673 est
1286 2616 1431 2690 quemvis

245 2703 418 2777 scriptorem
442 2705 526 2763 annis
544 2704 726 2763 vertentibus
752 2706 837 2780 quasi
860 2703 917 2762 sibi
939 2705 1064 2763 inscium
1089 2701 1248 2763 dictionem
1273 2705 1431 2779 paulatim

245 2793 410 2851 immutare.
457 2790 566 2851 Statim
588 2793 736 2853 intellexit
759 2811 807 2853 eas
830 2795 948 2851 tantum
970 2794 1166 2869 proprietates
1189 2796 1336 2854 sermonis
1365 2812 1429 2854 esse

246 2880 409 2960 eligendas,
433 2900 508 2958 quae
531 2884 652 2941 minime
671 2901 689 2941 a
709 2901 807 2941 rerum
830 2883 1032 2942 tractatarrnn‘
1046 2884 1228 2959 proprietate
1249 2883 1429 2960 penderent.

246 2971 352 3046 Itaque
371 2970 428 3030 sibi
445 2973 601 3049 proposuit
617 2973 793 3049 particulam
815 2967 875 3047 μήν
893 2972 1108 3047 inquirendam.
1140 2971 1240 3049 Atque
1257 2974 1381 3032 invenit
1399 2964 1427 3053 Ι)

247 3059 397 3119 Critonem
416 3059 660 3138 Euthyphronem
677 3060 873 3141 Protagoram
891 3059 1079 3121 Charmidem
1098 3060 1257 3120 Lachetem
1275 3061 1428 3139 Hippiam

245 3151 389 3209 minorem
403 3149 622 3226 Euthydemum
636 3150 791 3210 Menonem
803 3150 943 3229 Gorgiam
959 3148 1113 3226 Oratylum
1126 3149 1314 3211 Phaedonem
1328 3155 1427 3228 parti·

246 3239 343 3297 culam
362 3234 423 3313 μήν
441 3239 559 3299 tantum
578 3242 766 3300 coniunctam
783 3260 850 3300 cum
868 3236 976 3299 uui-
991 3234 1074 3300 ἀλλά
1092 3239 1258 3315 ostendere,
1279 3232 1326 3322 H)
1347 3240 1427 3301 Ocn-

245 3329 359 3387 rivium
385 3327 525 3404 Lysidem
551 3328 719 3389 Phaedrum
743 3329 968 3407 Rempublicam
993 3330 1186 3389 Theaetetum
1212 3328 1426 3390 Parmenidem

245 3416 401 3477 Philebum
418 3416 588 3495 Sophistam
601 3418 761 3479 Politicum
778 3419 871 3498 Leges
890 3439 957 3479 cum
975 3416 1026 3478 καὶ
1045 3414 1106 3494 μήν
1125 3421 1155 3478 et
1173 3413 1256 3479 ἀλλὰ
1275 3415 1337 3494 μήν
1355 3422 1426 3480 tum

245 3505 299 3566 hos
323 3507 399 3566 soloe
422 3503 451 3566 ri
475 3503 545 3583 μήν,
568 3524 605 3580 γε
629 3504 698 3584 μήν,
723 3503 868 3569 ἀλλὰ-
887 3503 1112 3585 priupraebere.
1149 3507 1231 3569 Haeo
1249 3508 1425 3569 discrimina

245 3597 360 3656 maiora
379 3614 440 3656 esse
458 3616 548 3672 quam
566 3600 601 3657 ut
618 3597 655 3657 de
673 3616 743 3657 casu
762 3599 888 3676 cogitari
905 3600 1000 3675 possit
1013 3599 1133 3674 exponit
1146 3617 1240 3674 neque
1254 3598 1424 3677 significare

246 3685 299 3744 hos
318 3685 451 3764 dialogos
469 3690 625 3765 genuinos,
648 3688 715 3746 illos
735 3689 850 3764 spurios
869 3705 944 3763 esse,
967 3707 1034 3747 cum
1051 3689 1083 3745 in
1101 3686 1215 3747 duabus
1234 3688 1422 3766 dialogorum

246 3776 352 3834 turmis
371 3776 493 3852 exstent,
512 3794 584 3852 quos
603 3778 746 3856 genuinos
765 3794 826 3837 esse
844 3797 930 3837 nemo
948 3777 1114 3855 negaverit,
1136 3795 1231 3853 neque
1250 3794 1370 3836 causam
1389 3781 1422 3838 in

247 3863 364 3924 diversa
377 3865 563 3942 dialogorum
576 3870 685 3927 natura
698 3868 827 3943 positam
841 3884 910 3927 esse.
938 3866 1044 3942 Itaque
1062 3866 1116 3926 has
1129 3866 1308 3926 mutationes
1322 3867 1420 3927 diver-

248 3955 288 4013 sis
302 3953 488 4032 dialogorum
506 3956 727 4033 temporibus
745 3955 845 4015 deberi
863 3958 935 4033 quin
952 3957 1151 4015 existimemus
1164 3956 1229 4015 fieri
1246 3975 1306 4016 non
1323 3975 1416 4033 posse.

338 4143 363 4213 1)
384 4142 439 4198 rare
462 4142 598 4213 Sophiam
620 4145 677 4199 aad
695 4144 830 4199 Politicus
852 4143 886 4212 cf
904 4143 1004 4212 Plato,
1026 4145 1092 4200 with
1114 4162 1132 4199 c
1154 4144 1258 4201 reuirat
1280 4151 1335 4201 tect
1359 4147 1416 4202 oud

247 4213 366 4286 English
383 4220 464 4270 noas.
501 4214 606 4283 chord
626 4220 702 4269 1867.

336 4286 362 4354 2)
381 4284 546 4355 Nuperrime
565 4285 742 4356 Campbellus
761 4301 846 4341 novas
865 4286 1043 4355 quaestiones
1061 4286 1186 4343 instituit
1203 4287 1250 4360 (cf.
1262 4288 1415 4358 Zahctmft
1440 4298 1441 4301 ’

246 4355 388 4420 fiPlulca
407 4374 435 4412 u.
450 4357 550 4426 philos.
570 4357 667 4413 Kn‘ts'lc
686 4363 746 4424 109,
766 4363 816 4412 161
828 4375 879 4427 sq,
900 4363 959 4424 111,
980 4363 1030 4412 107
1041 4375 1090 4427 eq,
1111 4363 1170 4425 112,
1191 4365 1224 4414 17
1235 4363 1299 4430 sq),
1321 4362 1412 4416 tamen

248 4441 294 4552 εὖ
308 4426 468 4553 dpurcausa,
497 4444 582 4497 qnam
605 4445 690 4500 snpra
716 4429 851 4498 diximus,
879 4429 933 4485 hae
960 4430 1041 4484 nobis
1063 4432 1329 4499 praetermittendae
1354 4448 1410 4488 esse

295 4513 330 4552 en
377 4541 383 4552 .
