2908 4982
368 268 371 273 ι
475 242 658 309 Quaestiones
676 241 847 298 Platonicae.
1178 244 1243 309 267

42 414 116 474 Ad
135 416 214 474 hanc
227 415 404 473 sententiam
418 412 648 473 confirmandam
662 413 870 492 Dittenberger
883 413 1008 473 similem
1023 432 1109 474 usum
1127 433 1162 473 en
1177 414 1244 473 aliis

46 504 265 583 scriptoribus
283 504 393 563 Atticis
412 503 504 562 affert.
542 502 764 564 Demonstrasse
784 505 884 564 autem
901 504 948 562 vir
965 502 1069 563 doctus
1087 502 1145 562 sibi
1162 505 1243 562 visus

48 596 114 654 est
133 595 264 671 primum
286 592 454 652 Phaedrum
472 594 502 652 et
520 591 713 652 Theaetetnm
735 594 766 652 in
789 611 1030 652 numerosorum
1053 593 1106 669 qui
1128 592 1244 651 media

48 683 206 743 Platonis
216 685 314 743 aetate
324 684 427 760 scripti
441 684 501 741 sint
515 681 701 761 dialogorum
713 682 864 760 ponendos
874 700 944 757 esse,
958 680 1063 741 deinde
1073 681 1244 758 Sophistam

48 771 288 848 Politicumque
302 774 482 849 postrema
494 772 589 831 nostri
603 774 732 832 auctoris
745 774 842 832 aetate
856 773 1036 848 conscriptos
1051 789 1081 831 se
1094 771 1242 848 praebere.

160 861 419 940 Dittenbergerum
437 862 554 921 secutus
572 863 617 920 est
637 861 783 922 Martinus
804 860 933 937 Sohana,
951 862 1004 937 qui
1024 861 1151 920 Hermae
1172 863 1242 921 tom.

52 951 148 1010 XXI.
168 952 232 1012 439
244 970 306 1027 sqq.
324 953 471 1010 rationem
489 952 551 1010 eius
570 968 623 1010 suo
641 951 706 1010 iure
724 950 856 1010 defendit
874 969 908 1010 ac
926 951 1014 1027 plura
1032 950 1156 1009 addidit.
1241 984 1242 987 =

161 1041 262 1120 Elegit
280 1043 358 1100 enim
371 1040 517 1100 vocabula
530 1041 576 1120 τῷ
591 1033 660 1100 ὄντι
676 1042 707 1099 et
720 1035 832 1113 ὄντως,
852 1058 928 1118 quae
942 1039 1021 1100 idem
1035 1039 1244 1120 significarent,

55 1133 96 1190 et
120 1134 277 1207 tamquam
298 1148 431 1210 pugnam
452 1130 531 1189 inter
555 1149 590 1189 ea
608 1130 794 1190 commissam
816 1129 920 1189 tabula
941 1130 1039 1207 priore
1065 1131 1243 1208 explanavit.

56 1221 187 1281 Tabula
205 1221 300 1279 altera
317 1220 515 1297 frequentiam
528 1220 711 1280 locutionum
730 1213 864 1295 sloede,
884 1215 928 1280 ὡ(
947 1213 1083 1295 ἀληθῶς,
1102 1214 1242 1298 ἀληθείᾳ,

56 1311 105 1390 τῇ
128 1304 261 1388 ἀληθείᾳ
280 1310 347 1368 aliis
365 1310 398 1368 in
420 1308 546 1387 dialogis
566 1309 656 1369 aliam
675 1327 736 1370 esse
755 1309 976 1369 demonstravit.
1014 1308 1135 1368 Duabus
1154 1328 1243 1386 quae-

57 1399 216 1460 stiouibus
235 1400 413 1477 comparatis
431 1400 556 1476 apparet
573 1401 605 1457 in
618 1398 741 1459 Philebo
755 1398 882 1459 Politioo
899 1399 1020 1458 limace
1033 1397 1171 1476 Legibus,
1190 1400 1244 1475 qui

58 1489 182 1568 dialogi
206 1489 252 1568 τῷ
276 1482 346 1548 ὄντι
371 1488 503 1566 fugiant,
528 1489 619 1548 etiam
644 1484 688 1549 ὡ(
712 1483 838 1564 ἀληθῶς
864 1488 1042 1563 desiderari3
1066 1487 1125 1547 duo
1150 1489 1243 1566 igitur

60 1578 188 1638 ordines
211 1579 444 1638 constituunturz
467 1578 500 1636 in
519 1580 616 1656 priore
635 1571 738 1638 ὄντως
763 1578 910 1657 oppressit
927 1579 973 1658 τῷ
992 1571 1074 1648 ὄντι,
1097 1577 1130 1636 in
1149 1577 1243 1637 altero

61 1661 199 1742 uineae
217 1668 351 1745 superior
368 1667 465 1727 factus
484 1668 529 1726 est
547 1686 637 1744 quam
656 1663 700 1727 dac
719 1662 854 1742 blusso.

157 1756 256 1833 Atque
275 1757 366 1815 hunc
384 1758 526 1816 sermonis
544 1774 631 1815 usum
648 1756 736 1818 Plato
754 1758 826 1833 quin
844 1758 1028 1835 postrema
1047 1758 1145 1816 aetate
1163 1774 1243 1816 secu-

62 1849 118 1905 tus
136 1848 177 1906 sit
195 1865 281 1906 nemo
300 1845 459 1921 dubitabit,
477 1864 545 1906 cum
563 1847 700 1907 Timaeus
719 1846 812 1925 Leges
831 1866 898 1905 eum
916 1847 1158 1923 complectantur.

158 1935 235 1995 'I'um
258 1934 417 1996 Schanaius
445 1936 697 2014 temperationem
722 1937 904 2013 quaestionis
932 1953 1002 1995 suae
1030 1955 1097 1995 cum
1124 1935 1255 1995 Ditten·

64 2025 244 2104 bergeriana
261 2027 407 2084 instituitz
431 2027 535 2103 paucis
557 2025 644 2085 rebus
662 2028 791 2103 exceptis
814 2043 945 2085 summus
968 2026 1088 2085 effectus
1112 2026 1156 2085 est
1175 2044 1242 2085 con-

66 2132 184 2190 sensus3
206 2134 276 2173 nam
294 2132 386 2191 aeque
410 2133 444 2175 ac
462 2114 672 2195 Dittenberger
690 2115 883 2175 'theaetetum
906 2116 936 2175 et
953 2113 1120 2175 Phaedrum
1141 2114 1243 2175 eodem

65 2206 129 2264 fere
147 2207 280 2282 tempore
299 2206 479 2281 conscriptos
498 2207 604 2264 censet.

158 2292 243 2363 Quod
266 2294 313 2353 vir
331 2292 434 2354 doctus
452 2294 566 2371 primus
584 2294 656 2369 fuit,
678 2295 730 2371 qui
747 2313 879 2374 pugnam
897 2295 976 2354 inter
994 2293 1062 2354 illas
1080 2294 1243 2354 locutiones

63 2385 178 2444 factam
202 2384 240 2442 ad
267 2382 356 2442 finem
377 2386 512 2444 nostrum
536 2384 720 2461 aptissimam
748 2401 809 2444 esse
834 2384 1033 2463 intellegeret,
1060 2382 1166 2462 dignus
1190 2385 1243 2458 est,

65 2475 120 2551 qui
138 2472 225 2533 valde
243 2472 617 2552 laudetu1r3porromagni
630 2475 773 2533 momenti
787 2476 840 2554 est,
859 2473 938 2549 quod
957 2472 1117 2534 Schanzius
1135 2474 1167 2532 in
1185 2472 1243 2533 fine

66 2563 249 2640 quaestionis
272 2580 409 2622 numeros
432 2563 623 2641 Reipublicae
646 2563 831 2641 singulorum
854 2563 998 2624 librorum
1021 2564 1187 2641 exscripsit:
1209 2565 1243 2622 in

67 2654 210 2729 quattuor
228 2652 376 2730 prioribus
394 2652 478 2711 libris
497 2646 601 2713 ὄντως
620 2651 812 2729 desideratur,
831 2671 898 2712 cum
911 2653 943 2712 in
962 2671 1012 2712 sex
1029 2651 1241 2730 posterioribus

65 2760 164 2821 pauca
186 2742 321 2819 exempla
342 2743 464 2801 inventa
487 2744 553 2801 sint.
595 2742 701 2819 Itaque
726 2743 918 2804 intervalium
944 2744 1022 2802 inter
1044 2741 1098 2802 hos
1120 2744 1151 2802 et
1172 2741 1241 2801 illos

67 2833 269 2908 exstareque
289 2829 443 2907 Oratylum
462 2833 492 2891 et
509 2831 730 2909 Euthydemum
747 2834 828 2893 ortos
847 2850 909 2892 esse
928 2834 1023 2910 putat.

156 2921 252 2999 Magis
262 2922 415 2999 magisque
425 2921 612 2997 quaestiones
622 2921 658 2981 de
668 2940 800 2982 sermone
809 2921 973 2997 Platonico,
987 2921 1241 3000 aDittenbergero

67 3011 173 3084 initae,
199 3027 217 3069 a
242 3008 385 3070 Schanzio
411 3009 600 3070 confirmatae
627 3013 716 3087 atque
740 3010 961 3086 exaedificatae,
993 3012 1136 3089 probatae
1159 3014 1242 3087 sunt;

68 3098 170 3160 eodem
187 3099 289 3174 modo,
312 3118 370 3176 quo
389 3100 421 3158 hi
439 3101 497 3160 viri
519 3099 612 3175 docti,
638 3100 849 3161 Constantinus
867 3092 996 3183 Ritter³)
1021 3100 1242 3178 chronologiam

68 3188 210 3248 librorum
228 3187 363 3248 Platonis
381 3191 558 3249 constituere
573 3191 704 3249 conatur.
737 3188 795 3259 Qui
812 3191 939 3268 triginta
953 3192 1095 3250 sermonis
1109 3192 1240 3268 proprie-

68 3277 194 3352 tatibus,
216 3277 323 3355 quibus
345 3276 439 3357 Leges
457 3277 596 3338 Philebus
614 3278 759 3339 Politious
778 3277 918 3356 Sophista
941 3298 960 3338 a
982 3280 1087 3339 ceteris
1104 3278 1240 3339 Platonis

69 3367 194 3445 dialogis
211 3367 409 3443 dissentirent,
428 3367 590 3428 observatis
604 3369 692 3443 idem,
711 3368 790 3445 quod
804 3368 1014 3448 Dittenberger
1028 3370 1058 3428 et
1072 3366 1241 3444 Schanzius,

69 3457 130 3517 scil.
151 3457 220 3518 illos
242 3456 376 3535 dialogos
400 3458 438 3516 ad
462 3460 642 3535 postremam
664 3458 798 3519 Platonis
822 3460 951 3518 aetatem
972 3458 1146 3537 relegandos
1170 3476 1241 3532 esse,

70 3548 205 3623 repperit.
242 3545 335 3606 Porro
357 3548 439 3607 nisus
463 3546 771 3622 aliis-quaestiouibus
793 3551 846 3607 uni
865 3548 1017 3624 eidemque
1037 3550 1129 3607 aetati
1146 3546 1240 3606 Phae·

71 3636 153 3695 drum
171 3635 394 3712 Rempublicam
412 3637 605 3696 Theaetetum
623 3635 757 3715 dialogos
776 3637 978 3697 attribuendos
997 3640 1108 3713 censet,
1131 3637 1239 3714 quain

69 3745 101 3785 re
118 3744 184 3784 cum
196 3724 423 3805 Dittenbergero
442 3746 510 3785 eum
525 3728 689 3786 consentire
707 3726 915 3806 intellegimus.
945 3725 1019 3786 Cum
1031 3730 1063 3785 in
1077 3725 1241 3803 Republica

71 3814 223 3875 tractanda
240 3816 358 3874 tantum
380 3815 489 3874 librum
507 3817 637 3893 primum
654 3817 796 3876 sermonis
815 3818 996 3894 proprietate
1020 3834 1038 3874 a
1060 3815 1164 3875 ceteris
1189 3815 1239 3874 ab·

70 3905 184 3964 horrere
198 3906 353 3979 inveniret,
370 3906 499 3982 reliquos
513 3905 604 3964 libros
618 3923 678 3965 non
690 3925 799 3984 magno
812 3906 971 3966 intervallo
984 3907 1062 3964 inter
1080 3922 1110 3964 se
1129 3905 1239 3965 distare

71 3995 191 4071 putarit.
219 3994 354 4070 Denique
372 4014 440 4054 eum
458 3994 643 4073 dialogorum
657 3994 790 4055 ordinem
807 3997 973 4073 temporum
991 3995 1098 4073 pingit,
1117 4014 1174 4071 quo
1189 4011 1238 4054 eos
1330 4043 1332 4048 .

72 4086 247 4161 conscriptos
261 4101 324 4143 esse
337 4103 373 4142 ex
392 4084 612 4160 quaestionibus
626 4084 782 4144 concludit.
817 4083 1005 4145 Gravissimis
1022 4084 1109 4144 rebus
1128 4087 1239 4144 etcum

72 4172 292 4252 Dittenbergero
303 4176 333 4232 et
344 4191 411 4232 cum
421 4172 563 4233 Schanzio
572 4173 721 4233 Ritterum
735 4175 899 4235 consentire
912 4176 1009 4251 patet,
1024 4192 1083 4250 qua
1096 4193 1128 4232 re
1142 4173 1237 4233 denuo

72 4263 183 4322 utilitas
201 4262 288 4321 huius
306 4264 432 4322 rationis
450 4262 647 4324 confirmatur.

77 4376 284 4393 *ni-—

155 4451 182 4520 3)
205 4449 446 4523 errucctoopeo
462 4451 529 4508 citer
546 4450 640 4508 Pluto.
678 4450 813 4526 &odgari
833 4454 908 4506 1888.
