2908 4982
199 273 265 339 272
707 272 739 327 G.
753 271 859 328 Jancll:

200 443 258 505 Sed
285 462 426 522 negamus
454 462 554 504 omnes
579 444 720 503 sermonis
745 442 893 503 Platonici
917 443 1114 520 proprietates
1139 440 1176 500 ad
1203 442 1392 501 alterum

199 551 291 613 genus
309 536 463 610 pertinere.
499 533 578 593 Nam
595 535 628 593 in
645 533 765 611 priore
784 551 890 612 genere
907 532 1044 607 mutatio,
1063 550 1152 608 quam
1169 532 1192 589 Ι.
1212 530 1250 590 ab
1264 530 1391 590 Arnim

199 623 380 698 observavit,
403 622 536 683 ducenda
558 624 610 682 991.
651 623 836 683 Immiechius
855 621 975 697 quidem
996 623 1085 699 putat
1102 622 1284 681 mutationes
1309 638 1392 679 usus

199 712 439 773 adfirmationum
456 712 556 772 deberi
572 732 690 791 pugnae
703 713 783 772 inter
796 707 896 783 λόγον
911 706 1111 786 (ωκρατικόν
1125 711 1156 770 91
1168 706 1269 783 λόγον
1284 706 1391 770 Πλα-

198 798 334 863 τωνικόν
354 803 526 862 commissae
539 821 634 878 neque
652 798 811 878 quicquain
825 801 863 861 ad
877 800 1097 879 chronologiam
1110 801 1209 861 valere
1223 792 1265 882 (p.
1283 791 1391 880 449).

198 891 280 951 Haec
298 894 398 951 autem
416 892 531 969 opinio,
554 911 588 951 91
607 910 666 968 qua
684 891 903 951 adfirmationes
922 890 1080 967 quaedam,
1098 908 1174 967 quac
1192 892 1223 948 in
1242 888 1390 967 dialogis
1432 894 1433 933 i

199 981 361 1041 Platonicis
385 982 590 1056 inveniuntur,
616 1000 680 1041 eam
708 980 745 1040 ob
772 1001 833 1041 rem
861 980 1010 1040 adhibitae
1033 981 1105 1056 sint,
1131 979 1210 1056 quod
1234 977 1389 1038 Socrates

198 1090 323 1131 revera
338 1071 379 1130 eis
396 1088 465 1131 usus
479 1074 564 1146 99991,
577 1072 638 1130 iam
651 1089 686 1131 eo
699 1072 855 1146 refutatur,
874 1070 953 1147 quod
966 1089 1059 1148 paene
1073 1087 1219 1146 nusquam
1233 1067 1387 1129 Socrates

198 1161 225 1220 19
244 1162 354 1236 estqui
370 1160 541 1238 respondet,
560 1162 679 1220 omnino
698 1164 798 1220 autem
816 1159 954 1220 credibile
972 1178 1032 1219 non
1050 1161 1096 1219 991
1107 1158 1265 1219 Platonem
1284 1158 1387 1218 adfir·
1433 1170 1434 1181 ¹

198 1251 343 1310 mationes
356 1250 538 1327 temporibus
551 1251 720 1328 praeteritis
734 1251 861 1310 usitatas
874 1250 1017 1309 memoria
1029 1250 1167 1310 19111999.
1190 1248 1290 1308 Multo
1308 1267 1385 1308 con-

198 1342 247 1400 tra
259 1340 449 1400 verisimilius
469 1342 513 1400 est
526 1339 681 1400 Platonem
694 1340 781 1399 initio
800 1358 850 1399 999
869 1339 1087 1399 adfirmationes
1106 1358 1181 1415 quac
1199 1356 1254 1397 sua
1273 1339 1384 1398 aetate
1434 1392 1435 1437 ,

198 1428 323 1490 Athenis
341 1430 470 1489 usitatae
489 1431 594 1504 essent,
612 1429 789 1505 adhibuisse,
807 1432 872 1488 tum
890 1432 990 1488 autem
1007 1431 1129 1506 propter
1147 1427 1384 1487 multitudinem
1434 1442 1435 1503 ξ

199 1518 451 1593 adfirmationum,
469 1518 576 1595 quibus
594 1519 627 1578 in
644 1519 771 1597 dialogis
789 1537 863 1596 opus
881 1518 970 1593 esset,
989 1518 1046 1578 sibi
1064 1520 1190 1578 inscium
1208 1517 1283 1576 alias
1306 1518 1381 1579 aliie

198 1608 381 1686 temporibus
398 1626 531 1668 novasse.

287 1693 671 1773 Ρ911919111119911μήν,
690 1714 727 1770 γε
746 1693 815 1773 μήν,
835 1692 918 1758 ἀλλὰ
933 1693 994 1772 μήν
1012 1696 1197 1756 Immisohius
1216 1697 1381 1757 contendit
1435 1760 1436 1783 ἶ

198 1789 333 1847 noviores
357 1805 418 1848 esse
442 1806 532 1863 quam
554 1790 588 1847 ut
609 1787 697 1847 Plato
721 1786 905 1847 Socratem
927 1788 973 1847 his
996 1788 1128 1846 utentem
1152 1787 1249 1846 facere
1275 1789 1379 1863 possit

199 1870 241 1960 (p.
261 1868 357 1959 450),
384 1877 530 1937 nescimus
558 1881 674 1951 autem,
700 1876 778 1936 unde
806 1877 914 1936 certior
940 1877 1036 1936 factus
1064 1877 1104 1935 sit
1129 1875 1198 1934 illas
1225 1875 1377 1935 formulas

199 1966 328 2027 Socratis
348 1968 445 2026 991919
458 1966 589 2026 nondum
602 1968 729 2027 usitatas
747 1984 867 2027 esse-
880 1969 915 2024 11
931 1967 1202 2043 praetermittamus
1217 1964 1376 2025 Socratem

198 2055 273 2116 illud
292 2051 320 2115 ri
340 2052 400 2131 μήν
424 2074 608 2133 nusquam,
630 2057 663 2115 ni
685 2056 787 2132 fallor,
811 2055 991 2130 adhibuisse,
1013 2073 1081 2113 cum
1098 2073 1132 2114 9ο
1151 2056 1298 2114 11911119
1319 2058 1375 2132 qui

197 2136 394 2227 respondet.⁹)
422 2145 505 2204 Idem
519 2144 675 2205 dicendum
689 2149 734 2206 991
746 2145 783 2205 19
797 2146 858 2205 alia
871 2144 1033 2205 Immiechii
1047 2142 1265 2219 observatione3
1280 2145 1375 2221 putat

198 2237 277 2294 enim
299 2252 385 2294 usum
402 2235 486 2295 verbi
508 2231 703 2296 κινδυνεύειν
725 2254 779 2313 pro
802 2234 910 2296 δοκεῖν
928 2252 990 2294 9999
1013 2234 1133 2310 linguae
1152 2232 1283 2292 Socratis
1301 2252 1373 2311 pro·

199 2327 299 2402 prium
317 2316 586 2407 (1999191111
603 2325 901 2399 Diebltnpsoasdruole
920 2318 963 2403 [p
977 2314 1080 2405 449]).
1117 2323 1230 2382 Tamen
1252 2323 1317 2400 ipse
1337 2342 1371 2383 99

195 2414 322 2489 refutat,
345 2434 412 2474 cum
430 2413 541 2473 diceret
558 2415 649 2473 etiam
670 2416 702 2472 in
725 2415 843 2491 scriptis
864 2412 1089 2490 posterioribus,
1112 2431 1188 2487 quae
1205 2412 1370 2472 Immisohii

198 2499 307 2574 λόγοι(
325 2500 545 2564 Πλατωνικοῖς
563 2504 693 2581 insignia
709 2521 770 2563 esse
789 2503 904 2578 debent,
922 2503 998 2562 illud
1015 2501 1289 2578 verbum-idque
1301 2522 1368 2579 per·

197 2610 285 2669 saepe
299 2611 359 2652 nou
373 2611 391 2651 a
405 2591 535 2667 Socrate,
553 2592 604 2652 sed
623 2593 660 2652 ab
675 2594 743 2653 aliis
761 2592 988 2653 collocutoribus
1007 2591 1174 2651 adhibitum
1187 2584 1238 2673 (cf.
1248 2590 1368 2651 Politici

197 2703 225 2759 p.
242 2681 351 2743 told
370 2682 404 2741 B.
423 2681 457 2741 ll.
487 2683 549 2742 303
560 2683 595 2741 A.
616 2680 647 2743 G.
676 2682 785 2742 3071).
815 2683 878 2742 308
889 2673 929 2763 B)
948 2714 990 2723 -
1013 2682 1149 2741 inveniri.
1186 2679 1271 2750 Quod
1289 2684 1367 2742 enim

197 2770 270 2830 dicit
288 2771 324 2830 19
342 2771 394 2831 illc
413 2771 681 2846 υ1171111919191191
696 2771 965 2847 Τ911199991ι“,1199
984 2774 1053 2831 sunt
1071 2789 1177 2849 nugae.

287 2859 344 2921 Sed
362 2863 466 2939 negari
483 2879 543 2920 uon
560 2863 659 2938 potest
678 2879 743 2920 eam
757 2880 874 2938 quoque
892 2863 1033 2921 sermonis
1051 2862 1272 2938 proprietatem,
1291 2879 1364 2936 quae

197 2951 362 3010 mutatione
375 2951 540 3010 consulto
553 2951 634 3010 facta
646 2951 679 3009 in
688 2952 840 3028 scriptoris
854 2952 983 3011 cuiusvis
997 2950 1239 3011 consuetudinem
1248 2952 1363 3028 recepta

198 3040 250 3113 sit,
273 3039 311 3099 ad
334 3039 555 3118 chronologiam
576 3039 785 3100 illustrandam
807 3041 921 3116 aliquid
938 3040 1013 3100 lucis
1036 3040 1140 3099 afferre
1162 3056 1255 3116 posse.
1297 3039 1363 3100 Sine

198 3127 287 3189 dubio
306 3130 424 3189 exstant
441 3131 637 3207 proprietates
661 3131 775 3209 generis
793 3129 911 3189 dicendi
928 3148 1017 3207 quae,
1041 3130 1067 3189 si
1089 3128 1176 3188 modo
1203 3131 1315 3190 auctori
1331 3132 1361 3189 in

197 3236 284 3279 usum
307 3221 463 3293 venerunt,
486 3220 655 3279 constanter
673 3222 786 3280 servari
803 3218 943 3278 debcant:
961 3220 1189 3278 consentaneum
1211 3221 1257 3278 991
1279 3239 1302 3278 9.
1319 3239 1360 3297 gr.

198 3306 353 3367 Platonem
371 3327 439 3368 non
457 3307 489 3366 id
508 3310 609 3386 egisse,
628 3311 662 3368 ut
674 3309 791 3368 hiatum
808 3326 876 3368 mox
890 3307 1069 3384 admitteret,
1086 3327 1155 3368 mox
1172 3308 1359 3386 1139191991

196 3397 355 3474 postquam
377 3397 473 3476 legem
491 3397 590 3457 hiatus
608 3398 725 3457 utendi
742 3399 840 3457 ratam
857 3397 1007 3472 habuerit,
1031 3400 1064 3456 in
1088 3397 1224 3457 omnibus
1247 3400 1358 3474 scriptis

197 3486 313 3546 hiatum
331 3486 427 3546 vitare
446 3485 585 3547 studeret.
619 3485 664 3546 Ne
678 3487 734 3547 hac
752 3487 872 3563 quidem
889 3488 921 3547 in
938 3507 970 3547 19
988 3487 1174 3546 immischiue
1192 3488 1288 3548 facere
1304 3506 1358 3547 non

197 3577 309 3651 potuit,
336 3576 407 3652 quin
432 3576 667 3636 observationem
692 3577 819 3635 similem
842 3595 877 3636 ao
894 3594 984 3654 supra
1001 3577 1160 3653 preferret3
1188 3577 1261 3636 dicit
1287 3577 1358 3636 enim

198 3657 241 3746 (p.
257 3657 349 3746 448):
373 3682 403 3725 cs
420 3671 498 3725 19119
520 3667 572 3738 fiir
589 3665 672 3726 Pluto
691 3667 738 3726 die
755 3667 886 3726 deotbor
900 3667 1014 3741 probate
1030 3666 1215 3741 Stitloeiptee't
1229 3684 1357 3741 99919999,

227 3950 231 3959 .
287 3907 313 3976 9)
332 3905 421 3961 Multo
440 3904 600 3961 credibilior
618 3906 708 3977 primo
728 3907 832 3977 ¹obtutu
850 3906 1063 3962 Teichmuelleri
1089 3906 1183 3977 opinio
1207 3924 1267 3963 9999
1284 3907 1355 3964 nobie

196 3977 257 4033 visa
283 3978 338 4044 991,
363 3976 412 4045 qui
430 3976 544 4047 negavit
563 3978 668 4048 (Litter.
689 3978 801 4034 chdeu
818 3978 851 4032 H.
872 3982 984 4050 99199.)
1009 3995 1055 4046 ea,
1079 3996 1150 4048 quae
1169 3979 1356 4051 Dittenbcrger

198 4050 233 4104 19
252 4047 410 4117 frequentia
428 4048 502 4103 vocis
520 4049 547 4104 11
567 4050 620 4117 μήν
639 4050 820 4117 observasset,
841 4050 877 4105 ad
895 4050 1021 4106 Platonis
1041 4051 1166 4122 Legum
1183 4051 1270 4106 libros
1288 4052 1355 4120 quic

198 4137 283 4189 quam
301 4119 402 4187 valere,
421 4137 484 4174 cum
502 4121 529 4176 τί
547 4121 601 4188 μήν
619 4120 760 4189 particula
773 4121 950 4177 Doriensium
969 4124 1006 4176 ad
1020 4138 1150 4177 scaenam
1163 4123 1246 4176 huius
1260 4123 1355 4193 dialogi

199 4190 403 4261 (9911119191)
423 4191 506 4245 9191
525 4207 665 4261 personas,
685 4209 803 4261 quarum
823 4193 913 4249 altera
931 4193 1177 4262 Lacedaemonius,
1196 4194 1284 4249 altera
1301 4194 1354 4249 ore

197 4263 293 4329 191919,
312 4262 397 4319 tertia
411 4261 590 4317 Atheniensis
609 4267 708 4332 999911,
727 4265 799 4319 bene
817 4266 976 4333 quadraret.
1009 4265 1115 4321 Tamen
1132 4282 1167 4319 ne
1185 4266 1239 4321 hoc
1254 4266 1354 4333 quidem

198 4332 331 4388 affirmari
345 4336 450 4404 potest3
470 4350 609 4401 quaenam
622 4351 707 4390 cauea
721 4339 790 4405 erat,
809 4338 884 4405 quod
897 4337 927 4391 in
940 4336 1058 4392 Philebo
1072 4336 1186 4407 dialogo
1199 4337 1353 4392 Protarchus

197 4405 292 4459 rhetor
315 4404 538 4459 Atheniensis
561 4405 731 4474 colloquium
749 4406 893 4462 Athenis
916 4409 1023 4464 habens
1046 4425 1109 4463 cum
1132 4408 1241 4463 duobus
1263 4408 1353 4463 Athe-

197 4475 377 4531 niensibus
396 4476 558 4547 saepissime
576 4494 642 4533 voce
659 4479 842 4548 1111111919
861 4482 923 4534 cst?
