2908 4982
470 249 652 316 Quaestionee
670 249 840 305 Platonicae.
1178 250 1241 315 307

59 425 135 480 tum
154 440 246 497 quam
263 423 389 480 maxime
407 423 518 496 vitant,
540 422 601 481 fere
625 421 742 481 easdem
759 440 900 499 personas
918 423 1097 495 invenimus,
1121 439 1193 497 quas
1211 423 1243 479 in

61 512 241 570 Theaeteto.
249 502 288 592 33)

161 600 296 676 Denique
324 603 552 663 consentaneum
580 603 625 659 est
651 599 726 659 illud
754 600 910 660 discrimen
937 602 1118 677 proprietate
1145 618 1244 657 reram

62 678 273 749 tractatarum
284 689 419 749 effectum
437 709 496 749 non
512 707 587 764 esse,
605 710 675 749 nam
692 689 792 748 hiatus
810 692 930 749 minime
949 709 968 749 a
985 709 1016 748 re
1035 688 1156 767 pendet,
1174 707 1243 747 uno

63 780 124 837 illo
143 798 259 857 genere,
278 779 357 855 qnod
375 782 407 837 ‘m
425 778 553 857 Legibus
571 780 747 853 invenimus,
765 780 893 856 excepto.

161 868 217 928 His
235 869 329 947 igitm
343 868 379 926 de
398 871 494 928 causis
511 888 571 928 non
590 886 744 947 possumus
763 887 822 928 non
840 870 1009 928 existimare
1026 867 1095 927 illas
1109 867 1243 927 differen-

67 960 130 1017 tias
150 957 305 1018 cohaerere
324 977 391 1017 cum
409 958 533 1018 ordine
552 960 739 1036 temporis,
757 977 816 1034 quo
834 958 947 1036 dialogi
964 959 1068 1034 scripti
1086 959 1153 1016 sint.
1196 946 1198 953 ¹

162 1046 207 1106 De
221 1047 415 1125 dialogorum,
429 1047 481 1122 qui
494 1048 588 1124 priori
601 1050 716 1107 turmae
729 1046 836 1106 tributi
849 1050 927 1121 sunt,
945 1046 1126 1123 temporibus
1141 1047 1244 1106 statim

69 1138 244 1196 omittamus
263 1135 447 1196 accuratiora
469 1137 525 1196 hac
545 1139 715 1212 quaestione
734 1137 900 1213 enucleare;
924 1136 1127 1196 adnotandum
1145 1138 1245 1195 autem

69 1228 117 1285 est
141 1229 259 1285 nostras
287 1226 505 1285 observationes
526 1244 590 1297 non
611 1226 768 1303 impedire,
791 1228 946 1301 quominus
974 1226 1107 1304 dialogos
1130 1225 1199 1283 inde
1227 1243 1245 1283 0

67 1315 184 1391 Lyside
197 1333 289 1390 usque
305 1315 342 1374 ad
355 1315 548 1374 Menexenum
562 1317 590 1374 ei
603 1315 738 1375 Platonis
757 1317 849 1374 aetati
862 1314 1035 1391 tribuamus,
1055 1334 1114 1391 qua
1127 1315 1244 1373 Ditten-

66 1405 188 1482 berger,
201 1404 362 1480 Amimius,
376 1405 474 1465 Ritter
487 1423 536 1464 eos
551 1406 731 1483 conscriptos
746 1422 807 1464 esse
821 1406 933 1464 volunt.
958 1403 1140 1474 Quaeramus
1158 1421 1245 1478 nunc,

68 1494 197 1569 quidde
217 1495 311 1554 altera
328 1496 427 1554 turma
440 1495 589 1554 enucleari
606 1496 708 1571 possit.
743 1493 816 1553 (lum
830 1494 968 1554 Timaeus
983 1493 1090 1553 Critias
1105 1492 1244 1552 Philebus

68 1583 183 1661 Leges,
210 1602 284 1658 quos
306 1584 423 1642 hiatum
444 1587 539 1643 vitare
563 1584 679 1643 studere
701 1583 806 1643 tabula
830 1587 932 1644 nostra
954 1584 1051 1659 docet,
1079 1585 1245 1659 postremae

68 1672 209 1731 Platonis
233 1673 325 1731 aetati
348 1675 460 1749 optimo
483 1675 546 1732 iure
571 1672 789 1749 adscribantur,
813 1674 882 1732 inde
905 1672 1040 1733 concludi
1063 1674 1162 1750 potest
1184 1674 1245 1731 010-

70 1762 158 1820 11010
181 1762 281 1822 hiatus
308 1761 423 1821 vitandi
450 1765 604 1838 tamquam
626 1765 729 1821 notam
753 1763 834 1822 111100
861 1765 955 1823 nostri
982 1764 1110 1821 auctoris
1139 1763 1246 1820 aetatis

71 1841 192 1931 esse.³4)
223 1851 296 1909 1010
311 1853 452 1927 sequitur,
470 1854 550 1910 0101
564 1851 749 1928 Sophistaet
766 1851 909 1912 Politious
927 1854 1093 1928 postremae
1112 1850 1246 1909 Platonis

72 1942 168 1998 aetati
182 1939 274 1998 tribui
287 1943 409 2016 possint.
442 1941 542 2017 Atque
556 1961 623 2001 cum
637 1944 667 2000 01
680 1940 890 2018 Dittenberger
904 1942 1040 2000 011111101
1054 1943 1085 2000 01
1093 1940 1246 1998 Arnimius

70 2029 154 2088 idem
171 2031 346 2104 invenerint,
366 2028 536 2107 Sophistam
554 2030 713 2090 Politicum
731 2030 885 2090 Timaeum
904 2029 1028 2089 (initiam
1046 2029 1201 2088 Philebum
1207 2020 1246 2109 ³⁵)

71 2117 169 2195 Leges
191 2120 312 2178 ultimos
335 2119 469 2197 dialogos
492 2138 554 2179 esse
577 2140 631 2196 pro
655 2123 734 2179 certo
757 2121 967 2196 exploratoque
989 2118 1144 2194 habemus,
1167 2118 1247 2194 quod

72 2226 111 2266 ne
120 2207 324 2267 Immischium
337 2209 457 2285 quidem
470 2228 578 2289 negare
591 2212 724 2287 potuisse
738 2228 828 2286 supra
837 2210 973 2269 vidimus.
1007 2208 1040 2267 Si
1053 2227 1132 2268 nunc
1145 2209 1247 2281 restat,
1268 2274 1270 2280 k

72 2299 110 2354 ut
129 2296 310 2374 disputemus
324 2316 454 2374 quonam
468 2299 570 2358 ordine
588 2298 660 2358 haec
678 2317 728 2358 sex
746 2299 858 2376 scripta
872 2317 902 2358 se
917 2300 1073 2375 excipiant,
1092 2297 1247 2356 dicendum

73 2388 121 2444 cst
148 2405 182 2444 ex
205 2386 329 2446 diversis
356 2387 456 2447 hiatus
479 2390 609 2447 numeris
631 2388 707 2447 nihil
734 2388 869 2448 concludi
891 2405 977 2465 posse
1004 2389 1062 2446 nisi
1088 2387 1165 2446 forte
1191 2386 1247 2445 hoc

73 2495 167 2532 unum
185 2479 279 2535 morte
298 2477 474 2553 impeditum
492 2496 554 2536 esse
573 2477 738 2550 Platonem,
756 2479 913 2553 quominus
929 2476 1053 2536 Philebo
1072 2479 1102 2536 et
1119 2475 1247 2554 Legibus

74 2566 206 2623 extrema
228 2566 408 2625 lineamenta
431 2567 564 2643 afferret,
590 2567 659 2626 huic
681 2568 760 2626 enim
782 2569 825 2627 rei
851 2566 951 2626 deberi
972 2566 1111 2626 videntur
1133 2564 1248 2624 numeri

73 2654 154 2712 inter
176 2672 205 2713 00
225 2655 334 2714 diversi
356 2656 492 2715 hiatuum
514 2659 545 2715 in
564 2655 691 2735 Legibus
710 2656 891 2733 Phileboque
909 2659 940 2716 et
962 2657 994 2714 in
1013 2656 1134 2715 Timaeo
1153 2654 1248 2714 (111110

76 2742 216 2818 Sophista
234 2743 361 2804 Politice
378 2746 573 2805 inventorum.

163 2832 208 2891 De
227 2832 361 2892 Phaedro
381 2834 507 2911 denique
524 2835 658 2896 Blassius
676 2839 755 2895 recte
774 2834 890 2895 dixerat
907 2835 1068 2895 verisimile
1090 2853 1152 2894 esse
1170 2833 1248 2891 hunc

75 2919 226 2999 dialogum
246 2943 263 2980 a
280 2922 406 2983 Platone
423 2928 618 2984 retractatum
641 2944 717 3001 esse,
743 2926 822 3001 quod
841 2945 908 2985 cum
927 2925 1002 2985 alias
1020 2943 1067 2984 res
1085 2926 1150 2983 tum
1173 2941 1248 2996 eam,

76 3009 155 3085 quod
174 3011 373 3087 compluribus
391 3014 463 3073 locis
481 3015 598 3074 hiatum
620 3015 716 3074 vitare
735 3015 863 3090 studeat,
881 3014 1047 3093 significare
1065 3013 1167 3072 videri.
1204 3011 1248 3071 Ao

75 3099 207 3175 profecto
226 3101 325 3160 studio
343 3102 443 3162 hiatus
457 3104 574 3163 vitandi
591 3104 753 3163 nonnullae
768 3104 895 3163 Phaedri
909 3106 1010 3181 partes
1024 3103 1155 3180 insignes
1169 3103 1246 3160 sunt.

76 3187 151 3247 (lum
169 3191 247 3248 enim
262 3189 330 3250 inde
349 3191 387 3250 ab
400 3193 488 3252 initio
505 3193 593 3253 huius
612 3193 725 3272 diadogi
743 3212 836 3270 usque
856 3193 893 3251 ad
910 3214 939 3270 p.
956 3191 1053 3254 2500
1068 3183 1247 3273 (δεδείμευ-

75 3270 179 3359 μένοι)
198 3278 234 3338 10
253 3280 339 3339 hiatu
361 3281 456 3341 vitato
479 3301 668 3358 nequaquam
692 3284 818 3361 cogitari
840 3283 949 3359 possit,
971 3303 999 3359 p.
1017 3279 1114 3341 2500
1133 3275 1248 3356 (ταῦτα

75 3364 134 3441 μὲν
155 3362 227 3445 οὖν)
251 3401 295 3409 -
319 3370 421 3429 2511
444 3367 521 3451 (θεῷ
549 3370 617 3432 τοῖς
644 3369 815 3450 παιδικοῖς)
842 3375 961 3432 tantum
988 3370 1033 3431 bis
1060 3370 1176 3428 hiatum
1203 3370 1247 3426 in-

165 3521 209 3589 33)
227 3520 366 3577 Ρο100000
385 3522 579 3577 Theaeteti:
608 3522 735 3578 Socrates

607 3592 768 3649 Theodorus

606 3664 775 3721 Theaetetus

386 3736 580 3807 sophistae:
607 3736 769 3791 Theodorus

605 3807 733 3863 Socrates

605 3879 714 3949 Hospes
732 3880 845 3934 Eleates

608 3951 778 4006 Theaetetus

424 4020 580 4076 Politici:
607 4021 734 4085 Socrates

606 4092 767 4148 Theodorus
886 4132 910 4143 s-

606 4164 715 4234 Hospes
733 4165 775 4218 El.

607 4236 734 4290 Socrates
752 4237 849 4291 minor.

164 4308 208 4375 34)
227 4306 297 4359 Rem
310 4306 353 4360 ita
366 4323 396 4360 se
410 4306 514 4391 habere
528 4323 561 4362 οο
577 4308 762 4375 confirmatur,
778 4308 853 4391 quod
866 4307 973 4378 Legum
987 4308 1091 4391 singuli
1104 4307 1178 4374 iibri,
1198 4307 1247 4375 qui

81 4378 151 4430 certe
165 4376 263 4430 eodem
275 4381 401 4447 tempore
416 4381 470 4432 0111
484 4382 557 4446 0001,
572 4379 711 4433 eandem
725 4379 784 4434 fere
798 4379 892 4433 1110100
906 4380 1093 4447 frequentram
1102 4379 1246 4448 praebent.

165 4450 209 4518 35)
229 4447 267 4502 Of.
288 4449 325 4502 ab
339 4450 445 4517 Arnim,
464 4468 490 4519 p.
508 4457 548 4504 16.
570 4456 609 4504 17.
