2908 4982
749 263 780 318 G.
797 263 902 319 lanell:

580 441 711 480 numerus
729 426 798 480 hiat.
1191 440 1327 479 numerus
1342 424 1406 478 hiat.

585 497 616 551 in
634 497 705 566 sins·
724 512 789 567 aas·
1197 495 1228 551 in
1246 495 1322 566 eins·
1340 512 1402 565 aas·

243 594 381 672 Oratylus
425 641 609 654 .....
659 595 753 673 31,18
852 593 965 671 Legum
983 593 1099 652 lib.1v.
1151 638 1158 651 .
1195 639 1201 652 .
1238 639 1245 651 .
1297 595 1370 667 4,79

242 685 420 744 Menexenus
470 731 477 743 .
514 730 520 742 .
558 730 565 743 .
602 730 609 742 .
658 684 753 760 sala
906 727 923 759 „
989 728 1006 759 „
1046 674 1240 763 I-md).
1291 684 1370 757 4,vo

242 773 394 833 Phaedrus
424 819 608 832 .....
659 774 755 848 2330
853 772 992 832 Philebus
1013 817 1241 832 ......
1291 773 1370 846 3,70

242 863 355 941 Legum
371 862 421 921 lib.
458 862 520 921 V..
557 908 564 921 .
602 908 608 921 .
681 863 752 933 6,71
914 907 932 937 „
1020 861 1102 920 VIII.
1147 907 1154 921 .
1192 908 1199 921 .
1237 907 1244 919 .
1294 861 1371 935 3,68

296 997 313 1027 „
380 997 397 1027 „
484 998 521 1011 ..
559 997 610 1010 ..
682 952 754 1025 634
915 996 932 1026 „
1034 950 1101 1009 VH.
1146 996 1153 1010 .
1191 996 1243 1010 ..
1294 951 1370 1023 2,47

296 1086 313 1115 n
380 1086 397 1115 ss
486 1087 522 1098 ··
559 1087 566 1099 ·
604 1086 611 1098 ·
682 1041 753 1115 5,G9
915 1085 933 1115 u
1051 1039 1101 1097 VI·
1146 1085 1153 1098 ·
1191 1085 1198 1097 ·
1237 1085 1243 1098 ·
1295 1039 1369 1115 2,36

380 1175 397 1205 „
486 1176 523 1190 ..
560 1176 567 1188 .
604 1176 611 1188 .
682 1130 754 1204 5,59
853 1129 991 1188 Timaeus
1014 1174 1242 1188 ......
1294 1130 1369 1202 1,17

296 1265 313 1295 „
381 1264 397 1295 „
483 1266 521 1278 ..
558 1265 566 1278 .
602 1264 610 1276 .
680 1219 752 1292 5,46
853 1216 962 1278 (iritias
1014 1263 1244 1276 ......
1294 1218 1372 1291 0,80

297 1353 305 1382 ,
381 1353 398 1383 „
482 1355 488 1365 .
514 1355 520 1365 .
557 1353 565 1367 .
602 1354 608 1366 .
680 1308 752 1382 5,43
853 1306 994 1384 Sophiste
1016 1352 1245 1367 ......
1295 1307 1370 1382 0,61

557 1443 564 1456 .
602 1442 608 1454 .
680 1397 751 1473 5,11
852 1395 994 1456 Politicus
1017 1441 1244 1455 ......
1295 1396 1373 1472 0,44

556 1533 563 1543 .
600 1532 607 1544 .
679 1486 753 1562 5,08

331 1611 417 1668 Hanc
429 1609 563 1669 tabulam
577 1611 767 1688 inspicientes
777 1611 850 1671 duas
864 1611 1050 1690 dialogorum
1058 1613 1172 1670 turmas
1186 1610 1316 1669 discerni
1331 1629 1412 1686 posse

243 1700 457 1777 intellegimus:
478 1701 561 1775 prior
578 1700 712 1778 dialogos
730 1701 799 1760 inde
819 1719 837 1760 a
854 1700 963 1777 Lyside
985 1719 1079 1776 usque
1097 1700 1135 1759 ad
1151 1700 1349 1759 Menexenum
1368 1692 1412 1780 (dc

243 1789 378 1848 Phaedro
395 1781 513 1870 postea)
528 1790 743 1866 complectitur,
761 1790 857 1849 altera
873 1791 1005 1866 pertinet
1022 1789 1167 1868 aLegum
1184 1789 1260 1848 libro
1269 1789 1306 1846 V.
1323 1807 1412 1865 usque

243 1879 282 1937 ad
300 1877 473 1954 Politicum3
496 1879 721 1957 duodevinginti
739 1879 851 1957 dialogi
868 1881 1031 1956 permultos
1048 1879 1148 1939 hiatus
1166 1879 1312 1954 praebent
1318 1869 1368 1959 ³¹),
1386 1880 1412 1936 in

244 1987 293 2028 ser
316 1969 416 2026 autem
437 1987 576 2028 numerus
598 1987 791 2028 concursurum
814 1970 961 2028 vocalium
983 1969 1070 2029 valde
1088 1970 1220 2028 minutus
1245 1970 1298 2028 est.
1340 1965 1412 2036 Quid

243 2058 299 2117 hoc
317 2057 374 2117 sibi
392 2055 478 2116 vult?
500 2058 579 2117 Nam
597 2059 633 2116 de
651 2076 721 2119 casu
735 2060 862 2136 cogitari
880 2059 1045 2134 discrimen,
1064 2057 1145 2134 quod
1162 2058 1241 2117 inter
1258 2057 1336 2117 duas
1353 2059 1411 2115 tur·

243 2165 308 2206 mas
327 2149 433 2222 exstat,
451 2149 542 2207 vetat.

331 2236 382 2310 At,
399 2239 436 2295 ut
451 2235 673 2314 Dittenbergeri
690 2236 914 2313 dispositionem
932 2231 966 2319 (1.
986 2257 1010 2295 a.
1029 2258 1058 2313 p.
1076 2229 1155 2318 327)
1174 2254 1344 2312 sequamur,
1360 2235 1413 2293 hoo

243 2325 411 2385 dismimine
435 2325 536 2385 credas
559 2326 693 2405 dialogos
717 2327 860 2403 genuinos
883 2347 901 2385 a
923 2327 1032 2403 spuriis
1055 2326 1212 2385 diiudicari
1233 2343 1336 2402 posse3
1363 2324 1412 2382 sed

244 2434 311 2474 cum
328 2415 359 2472 in
377 2415 475 2492 priore
489 2418 576 2491 parte
589 2414 708 2475 Phaedo
722 2415 902 2494 Protagoras
911 2416 1098 2494 Respublica,
1115 2415 1147 2489 in
1162 2415 1258 2474 altera
1267 2415 1412 2487 Timaeus,

244 2503 367 2578 Critias,
389 2524 466 2580 quae
485 2506 584 2563 omnia
602 2504 714 2580 scripta
731 2504 866 2565 Platonis
885 2523 947 2565 esse
964 2506 1043 2564 inter
1061 2523 1161 2565 omnes
1180 2505 1310 2577 constat,
1333 2504 1411 2562 inve·

243 2594 375 2668 niantur,
394 2596 497 2652 statim
513 2594 587 2653 haec
604 2596 705 2671 opinio
723 2595 879 2654 refutatur.
911 2594 984 2654 Inde
1003 2596 1127 2671 apparet
1144 2594 1228 2653 illam
1246 2594 1411 2669 discrepan-

243 2683 319 2741 tiam
332 2682 535 2743 diversitatem
553 2703 629 2759 quae
647 2686 725 2743 inter
738 2683 897 2743 dictionem
914 2685 1098 2762 singulorum
1115 2684 1303 2761 dialogorum
1322 2684 1412 2742 exstet

244 2771 417 2850 significare.
454 2772 554 2849 Atque
577 2775 705 2849 opineris
729 2773 958 2833 diversissimam
980 2774 1081 2833 hiatus
1099 2773 1296 2849 frequentiam
1314 2771 1354 2831 ad
1370 2771 1412 2829 di-

243 2880 329 2922 versa
343 2861 528 2940 dialogorum
545 2880 654 2941 genera
667 2864 813 2938 spectare,
831 2882 901 2921 nam
919 2882 1010 2941 supra
1028 2862 1330 2936 commemoravimus,
1348 2879 1411 2919 cum

244 2951 298 3011 alii
315 2951 450 3011 Platonis
467 2950 537 3009 libri
555 2951 694 3029 dialogi
712 2953 825 3028 optimo
842 2953 907 3012 iure
924 2954 1155 3027 nominarentur,
1177 2952 1304 3011 aliorum
1322 2950 1411 3008 dialo-

244 3062 315 3120 gum
335 3043 367 3100 in
390 3042 517 3100 formam
539 3042 718 3100 narrationis
740 3040 893 3101 redactum
911 3059 980 3101 esse.
1017 3041 1154 3102 Profecto
1172 3044 1205 3099 in
1221 3040 1268 3099 his
1288 3039 1411 3116 scriptis,

244 3150 370 3206 quorum
387 3133 419 3189 iu
438 3149 558 3190 numero
577 3129 672 3207 Lysis,
690 3130 903 3206 Euthydemus,
921 3131 1120 3206 Parmenides,
1139 3129 1324 3204 Charmides,
1343 3129 1408 3186 Res·

243 3219 371 3296 publica,
385 3219 514 3293 Phaedo,
527 3219 715 3298 Protagoras,
728 3219 887 3299 Apologia,
902 3219 1077 3280 Convivium
1090 3219 1223 3280 ducenda
1236 3221 1314 3292 sunt,
1328 3235 1411 3293 saepe

243 3309 342 3368 hiatus
362 3308 489 3369 efficitur
505 3309 623 3369 insertis
642 3304 726 3384 ἔφην
746 3303 819 3380 ἐγώ,
839 3306 902 3385 ἔφη
921 3309 1132 3385 similibusque.
1166 3309 1233 3383 Sed,
1250 3310 1285 3367 ut
1303 3309 1410 3366 ceteros

244 3398 426 3473 omittamus,
444 3398 620 3458 Theaetetus
638 3417 698 3458 non
716 3398 787 3458 solis
804 3399 865 3458 illis
883 3401 1002 3459 insertis
1019 3417 1160 3477 magnam
1177 3398 1277 3457 hiatus
1298 3396 1410 3473 copiam

244 3486 343 3547 deberi
357 3488 499 3563 ostendit3
517 3506 587 3545 nam
599 3488 648 3547 hic
661 3487 807 3566 dialogus,
824 3490 857 3547 in
870 3508 929 3564 quo
942 3488 1030 3548 Plato
1045 3490 1146 3565 aperte
1159 3488 1234 3546 dicit
1251 3505 1281 3547 se
1294 3486 1409 3545 illorum

244 3577 422 3637 insertorum
439 3579 607 3654 pertaesum
626 3593 689 3637 osse
708 3568 750 3658 (p.
767 3578 829 3635 143
841 3569 934 3659 O)⁸¹),
950 3579 1114 3655 permultos
1132 3577 1232 3636 hiatus
1249 3575 1377 3663 praebet.

332 3665 395 3727 Neo
403 3665 619 3743 discrepantiae
627 3665 727 3726 hiatus
739 3686 929 3725 numeromm
937 3667 1037 3727 deberi
1050 3667 1325 3743 possuntpersonis,
1339 3681 1409 3739 quae

244 3758 275 3815 in
294 3754 421 3836 dialogis
438 3755 654 3835 producuntur,
672 3776 742 3816 nam
759 3758 791 3816 in
805 3754 946 3833 Sophiste
964 3759 995 3816 et
1007 3756 1143 3830 Politioo,
1161 3757 1213 3832 qui
1226 3754 1338 3832 dialogi
1350 3753 1408 3812 hia-

333 3964 377 4033 30)
395 3962 433 4017 Hi
450 3960 559 4017 numeri
577 3961 671 4017 effecti
689 3963 755 4017 sunt
768 3964 798 4018 et
815 3962 994 4017 concursibus
1009 3963 1090 4032 (474),
1108 3960 1157 4029 qui
1174 3959 1219 4013 illi
1236 3958 1329 4031 legum
1347 3958 1409 4013 scri-

245 4033 399 4089 bendarum
433 4034 509 4089 oneri
524 4033 669 4101 debentur,
684 4035 713 4088 et
725 4033 838 4117 paginis
848 4036 902 4104 (48,
912 4037 948 4104 a),
962 4032 1064 4101 quibus
1078 4031 1264 4099 continentur,
1279 4029 1407 4085 deductis.

335 4107 378 4177 81)
427 4104 479 4161 ihil
504 4103 591 4161 refert
618 4120 641 4159 e.
665 4122 706 4177 gr.
731 4108 806 4160 inter
829 4122 959 4160 numeros
984 4104 1096 4174 hysidis
1121 4106 1150 4158 et
1174 4101 1320 4158 Menexeni
1343 4100 1408 4155 satis

245 4192 379 4249 magnum
402 4175 551 4233 &sennen
576 4191 649 4245 esse,
672 4176 815 4232 namhoc
838 4177 956 4232 debetur
978 4176 1005 4231 ei
1028 4192 1142 4242 musae,
1167 4174 1243 4243 quod
1266 4174 1297 4228 in
1313 4173 1409 4240 Lyside

246 4248 335 4305 forma
354 4247 522 4304 sanationis
541 4246 670 4305 adhibita
684 4250 735 4315 est,
754 4247 832 4303 ouius
845 4247 959 4304 insertis
973 4251 1046 4316 ἔφην
1060 4249 1124 4315 ἐγώ,
1143 4248 1200 4314 ἔφη
1215 4249 1267 4300 etc.
1281 4259 1408 4315 persaepe

246 4319 341 4376 hiatus
354 4318 523 4391 producitur.
557 4318 779 4375 Consentaneum
794 4321 888 4375 autem
902 4323 944 4374 est
957 4319 1141 4374 Menexenum
1156 4334 1214 4371 non
1226 4317 1317 4388 magis
1329 4331 1408 4382 quam

247 4390 377 4461 Lycidan
395 4389 504 4447 hiatum
522 4391 626 4459 vitam
645 4390 720 4458 quod
738 4390 805 4446 inde
823 4407 841 4445 a
859 4391 965 4462 Legum
982 4391 1055 4446 libro
1069 4390 1102 4443 V.
1122 4388 1182 4443 sine
1201 4387 1287 4443 dubio
1305 4387 1340 4440 fit.

337 4464 379 4535 tl)
400 4460 439 4517 of.
460 4461 496 4517 ud
515 4461 588 4517 huno
607 4462 699 4517 locum
717 4459 745 4515 O.
761 4461 860 4517 Ritter.
893 4464 996 4519 Uetera
1011 4464 1077 4518 siber
1091 4461 1184 4530 Plato,
1202 4478 1229 4529 p.
1245 4465 1279 4513 54
1298 4458 1358 4513 adn.
