2908 4982
213 216 278 282 268
722 212 754 267 G.
768 212 873 268 Janell:

302 385 497 445 Transeamus
519 403 598 445 nunc
621 383 659 444 ad
681 383 801 444 Ioannis
824 382 861 442 ab
880 373 1016 465 Arnim4)
1039 382 1292 460 disputationem,
1326 403 1409 460 quae

214 475 250 535 de
274 475 503 535 affirmationum
530 492 585 533 usu
606 473 761 534 Platonico
783 472 888 532 habita
914 474 966 533 est.
1011 472 1069 532 Hic
1095 475 1141 532 vir
1163 473 1273 533 doctus
1300 473 1351 532 de
1376 493 1409 533 ea

214 566 277 640 via,
304 583 364 641 qua
386 564 426 685 in5
440 565 486 625 his
510 562 730 641 quaestionibus
752 562 968 641 procedendum
991 564 1051 638 est,
1072 563 1253 623 illustranda
1279 564 1408 640 optime

214 655 336 714 meritus
354 656 406 714 est.

304 645 531 804 Observdtiones
550 741 585 802 de
604 741 850 803 affirmationibus
868 742 962 801 factas
986 741 1155 818 aptissimas
1174 741 1212 801 ad
1233 741 1341 802 finem
1362 745 1409 802 to-

215 835 275 894 tius
284 834 409 892 rationis
423 850 469 892 ess
478 834 624 910 eprimum
633 832 712 909 quod
725 832 961 909 frequentissime
974 832 1173 906 inveniantur,
1186 831 1299 893 deinde
1319 833 1408 908 quod

215 942 252 999 „a
265 941 364 982 rerum
376 923 573 981 tractatarum
586 924 767 1000 proprietate
781 939 969 998 nequaquam
982 918 1157 998 pendeant“,
1171 920 1304 997 denique
1318 921 1408 998 quod

216 1015 265 1088 „in
278 1031 310 1071 re
323 1009 503 1071 leviuscula“
517 1013 644 1089 scriptor
657 1013 743 1089 quasi
757 1011 814 1073 sibi
828 1011 937 1072 inscius
951 1010 1054 1070 stilum
1066 1012 1212 1086 immutet,
1221 1013 1272 1071 vir
1286 1002 1406 1071 doctus

214 1103 302 1162 initio
317 1102 457 1179 explicat3
476 1100 612 1161 accedere
626 1100 705 1178 quod
719 1103 797 1161 inter
810 1101 943 1179 singulas
957 1100 1168 1161 affirmationes
1186 1108 1294 1179 pug'na
1316 1103 1406 1160 cerni

215 1192 316 1269 possit.
341 1191 403 1250 Has
417 1192 450 1250 in
464 1192 593 1267 quinque
607 1209 716 1269 genera
729 1190 850 1251 dividit:
863 1191 1017 1268 primum
1030 1189 1110 1267 quod
1122 1189 1158 1249 fit
1170 1210 1223 1268 per
1237 1189 1404 1264 adverbia,

216 1299 292 1358 quae
311 1280 439 1359 augendi
456 1282 519 1340 vim
531 1279 655 1355 habent,
673 1280 828 1339 alterum
845 1278 924 1356 qu'od
938 1278 973 1343 fit
985 1298 1039 1357 per
1052 1280 1247 1354 enuntiatum,
1267 1299 1335 1356 quo
1355 1282 1403 1338 in·

216 1372 416 1449 terrogantem
429 1388 500 1430 vera
514 1372 567 1429 etc.
582 1369 689 1429 dixisse
704 1371 860 1444 statuitur3
877 1370 1026 1428 tertium
1039 1369 1118 1445 quod
1131 1368 1167 1428 fit
1179 1388 1232 1447 per
1246 1368 1403 1429 adverbia

217 1454 328 1530 otrico,
344 1453 448 1533 ccccc
462 1461 526 1534 otc,
540 1462 708 1536 quartum
722 1459 801 1536 quod
809 1459 845 1518 fit
853 1478 907 1537 per
915 1457 1006 1518 verba
1016 1452 1191 1534 φαίνεεθαι,
1206 1457 1320 1519 δοκεῖν
1333 1460 1401 1531 etc,

217 1551 382 1625 quintum
400 1549 480 1624 quod
498 1548 533 1608 fit
549 1567 603 1626 per
620 1550 885 1627 interrogationem
901 1548 1087 1608 rhetoricam.

306 1637 457 1697 Summam
484 1639 584 1697 autem
613 1636 852 1698 observationum
878 1637 1008 1697 Arnimii
1038 1637 1205 1697 invenimus
1232 1636 1399 1696 Philebum
1432 1696 1433 1717 ,

216 1729 349 1806 proxime
369 1730 437 1787 ante
454 1726 548 1806 Leges
562 1727 761 1805 conscriptum
779 1746 841 1788 esse
861 1730 958 1804 atque,
978 1726 1056 1803 quod
1074 1727 1166 1785 etiam
1178 1726 1400 1806 Dittenberger
1432 1796 1433 1809 χ

218 1817 377 1877 Schannius
387 1816 485 1877 Ritter
498 1815 782 1892 demonstraverunt,
796 1816 985 1895 „Sophistam
998 1815 1215 1893 Politioumque
1230 1835 1298 1876 cum
1311 1816 1398 1875 inter
1432 1822 1433 1879 l

216 1925 247 1967 se
261 1906 443 1966 simillimam
461 1906 702 1966 consuetudinem
715 1909 779 1965 tum
793 1925 859 1966 cum
872 1905 995 1965 Philebo
1010 1908 1040 1965 et
1053 1903 1181 1983 Legibus
1199 1904 1279 1964 haud
1294 1924 1397 1983 pauca
1432 1922 1433 1927 ¹

216 1995 324 2073 habere
342 1993 533 2055 communia“.
548 2027 592 2037 —
606 1994 696 2054 Nisus
715 1996 782 2056 aliis
801 1995 1055 2056 observationibus
1068 1993 1220 2055 Arnimius
1237 1994 1397 2055 contendit
1432 2046 1433 2051 ,

217 2086 337 2146 ultimos
352 2085 485 2164 dialogos
498 2084 554 2144 hoc
568 2084 670 2144 ordine
685 2088 765 2145 ortos
780 2102 855 2146 esse:
875 2083 1046 2163 Sophistam
1058 2083 1219 2144 Politioum
1231 2082 1395 2163 Philebum
1432 2064 1433 2101 ¹

216 2174 323 2254 Leges3
347 2175 539 2234 Theaetetum
561 2174 687 2251 denique
705 2174 872 2234 Phaedrum
890 2173 1095 2234 Parmenidem
1114 2193 1181 2234 cum
1198 2173 1302 2233 mediis
1320 2173 1394 2233 Rei-

217 2264 353 2342 publicae
371 2263 455 2324 libris
474 2265 649 2341 conspirare.

306 2352 468 2430 Postquam
487 2352 524 2412 ad
542 2352 631 2412 finem
649 2353 737 2413 huius
756 2355 937 2431 quaestionis
955 2354 1152 2431 pervenimus,
1169 2352 1315 2429 reliquum
1335 2354 1392 2429 est,

219 2445 253 2522 ut
267 2445 374 2518 omnia,
394 2461 470 2518 quae
484 2442 734 2521 disputationibus
748 2444 868 2504 illorum
886 2445 1017 2503 virorum
1031 2442 1185 2519 doctorum
1199 2441 1301 2501 effecta
1318 2444 1391 2517 sint,

219 2532 508 2609 comprehendamus.
543 2531 665 2592 Tabulis
683 2533 778 2612 igitur
794 2532 1010 2611 Ditterbergeri
1027 2531 1136 2591 Ritteri
1153 2530 1281 2590 Arnimii
1298 2532 1388 2591 oolla-

218 2624 258 2681 tis
267 2654 311 2663 -
322 2620 496 2695 Schanzium
511 2622 694 2697 exclusimus,
712 2622 792 2700 quod
806 2624 924 2682 tantum
936 2620 1196 2700 Dittenbergerum
1211 2622 1389 2680 correxit-

218 2711 418 2789 intellegimus
436 2712 516 2771 viros
534 2710 636 2772 doctos
654 2711 691 2771 de
708 2712 890 2790 temporibus
907 2712 1060 2770 Theaeteti
1079 2712 1109 2770 ot
1126 2709 1262 2786 Phaedri,
1279 2711 1330 2787 qui
1349 2710 1387 2770 ad

219 2801 342 2860 eandem
361 2802 488 2860 aetatem
507 2801 545 2860 ad
563 2820 654 2877 quam
666 2801 845 2878 Respublica
862 2801 1038 2880 relegentur,
1056 2802 1087 2859 et
1101 2798 1257 2878 Sophistae
1270 2798 1387 2860 Politici

218 2890 335 2950 Philebi
352 2889 478 2968 Legum,
504 2892 555 2967 qui
578 2890 691 2969 dialogi
710 2892 809 2950 ultimi
830 2908 892 2951 esse
917 2890 1088 2964 videantur,
1111 2891 1220 2948 mirum
1246 2891 1385 2967 quantum

223 2982 301 3040 inter
319 2997 349 3039 se
368 2998 535 3057 congruere.
840 3036 842 3039 .

307 3068 443 3128 Breviter
465 3068 591 3147 denique
613 3069 769 3128 dicendum
794 3071 838 3130 est
865 3068 901 3128 de
928 3068 1004 3128 libro
1027 3067 1166 3128 Vincenti
1188 3062 1383 3128 Lutoslavvski

222 3159 270 3218 cui
288 3161 332 3217 est
349 3158 456 3218 titulus
472 3157 517 3217 Oc
530 3159 575 3218 the
588 3161 684 3234 origia
697 3160 758 3219 oud
769 3159 879 3234 prcwtb
897 3159 932 3233 of
940 3157 1049 3217 Ploto’s
1068 3159 1147 3232 logie.
1179 3156 1237 3216 Hic
1255 3157 1381 3219 omnibus

221 3245 442 3324 quaestionibus
458 3266 533 3323 quae
551 3247 587 3308 de
602 3248 718 3308 dicendi
732 3267 837 3326 genere
850 3247 984 3308 Platonis
1000 3246 1121 3306 habitae
1136 3249 1205 3306 sunt
1223 3248 1381 3323 contractis,

220 3339 332 3397 certem
350 3337 571 3415 chronologiam
590 3340 767 3415 scriptorum
785 3337 1006 3397 Platonicorum
1024 3337 1178 3396 instituere
1197 3339 1316 3396 conatur
1332 3329 1378 3419 (cf.

220 3426 357 3486 thtscbr.
380 3426 527 3500 fiPbc'los.
550 3445 579 3486 u.
598 3428 671 3500 phil.
690 3427 766 3486 Krit.
793 3429 870 3502 110,
898 3429 959 3486 171
972 3418 1057 3509 sqq).
1095 3425 1164 3485 Sine
1188 3425 1275 3486 dubio
1296 3426 1379 3486 Luto-

221 3510 380 3576 slawskius
402 3515 490 3574 laude
509 3514 616 3595 dignus
635 3518 692 3589 est,
715 3516 794 3592 quod
818 3534 932 3576 summa
954 3517 1101 3576 industria
1119 3518 1219 3575 omnia
1236 3518 1378 3595 congessit.

308 3705 336 3773 4)
355 3701 397 3758 De
406 3701 532 3758 Platonis
547 3702 668 3776 dialogis
678 3704 857 3773 quaestiones
871 3703 1092 3776 chronologdcae.
1111 3704 1171 3759 lnd.
1181 3704 1245 3759 lect.
1258 3703 1376 3760 Rostoch.

224 3773 346 3916 1896ld3}
362 3845 460 3914 Neque
484 3845 538 3900 hoc
562 3845 623 3901 loco
648 3862 796 3916 possumus
823 3863 879 3902 non
904 3848 1041 3917 profiteri,
1069 3850 1205 3916 quantum
1232 3847 1321 3902 Ioanni
1342 3848 1375 3902 ab

221 3917 320 3972 Arnim
332 3933 433 3987 praece
453 3917 616 3975 torinostro
631 3917 790 3986 debeamus,
809 3919 858 3988 qui
876 3918 1048 3990 philologiae
1066 3919 1206 3974 studiosos
1223 3919 1307 3989 pridie
1319 3919 1373 3974 Kal.

221 3989 304 4044 Mart.
329 4004 353 4043 a.
373 3935 591 4044 Modccxcvss
613 3990 649 4044 ad
673 3991 813 4045 certamen
835 3990 880 4044 his
902 3989 993 4045 verbis
1015 3990 1150 4046 invitans:
1178 3991 1300 4046 Ordinem
1319 3997 1373 4047 bm-

218 4078 327 4132 porcm,
345 4060 444 4130 quobus
457 4060 562 4132 dialogi
575 4060 704 4117 Platonis
720 4062 817 4130 scripti
829 4070 901 4131 scot,
915 4080 929 4118 e
942 4064 1071 4119 emmonis
1084 4063 1265 4119 obseruatione
1277 4063 1374 4132 definire
1432 4070 1433 4079 ¹

222 4133 372 4203 complures
387 4131 443 4186 oiri
456 4131 529 4188 docti
545 4134 637 4188 conati
654 4139 725 4188 auct.
758 4132 941 4203 Postutamcs,
960 4140 992 4189 ct
1004 4136 1071 4204 quid
1088 4152 1122 4190 ec
1139 4135 1189 4189 boc
1202 4135 1302 4190 ratione
1316 4135 1374 4191 certi

222 4205 312 4259 colloco
329 4202 493 4258 intellectum
514 4203 550 4259 sit
568 4202 741 4260 diiudicetur.
778 4204 867 4260 Porro
888 4206 972 4274 picra
989 4208 1156 4277 certioraque
1173 4206 1263 4261 eodem
1282 4207 1372 4261 rariore

222 4275 360 4330 enucleari
376 4273 500 4330 volumus
517 4291 578 4330 cam
595 4275 688 4330 hiatus
705 4277 815 4331 cisami
832 4277 935 4348 legibus
948 4283 1007 4332 tucn
1019 4280 1160 4334 uerborum
1175 4277 1371 4333 collocandorum
1432 4256 1433 4317 i

224 4346 533 4403 accusabantque
551 4353 675 4402 accwate
693 4348 839 4404 obseruatis
852 4380 886 4389 -
899 4364 951 4403 nos
969 4365 1080 4419 quoque
1099 4348 1135 4403 ad
1149 4347 1272 4404 Platonis
1288 4347 1369 4403 dictio-
1432 4368 1433 4409 3

223 4433 288 4473 nem
304 4415 521 4488 perquirendam
537 4416 673 4473 incitavit.
