2908 4982
290 1590 400 1650 Statim
418 1593 513 1664 erunt,
532 1592 583 1666 qui
601 1591 717 1649 hiatum
731 1591 847 1649 vitari'
839 1609 871 1647 m
884 1607 987 1666 pausa,
1004 1586 1113 1646 nedum
1125 1587 1163 1646 iis
1177 1589 1250 1647 locis
1265 1587 1386 1663 quibus

202 1680 393 1739 collocutores
420 1696 583 1739 sermonem
606 1681 684 1739 inter
706 1697 737 1738 se
760 1680 922 1755 excipiant,
949 1679 1090 1755 negantes
1113 1675 1240 1754 Georgio
1263 1676 1385 1735 Kaibel
1437 1678 1438 1701 ¹

202 1771 413 1842 assentientiu,
437 1769 489 1844 qui
511 1769 583 1828 dicii
602 1761 634 1850 (l.
650 1788 676 1828 a.
694 1790 722 1847 p.
741 1760 813 1849 11):
834 1785 906 1827 mua
928 1768 1003 1839 ders
1019 1767 1098 1825 alell
1115 1767 1160 1826 uls
1182 1767 1387 1840 fclrlerbaltsu

200 1859 277 1918 Hiat
299 1853 438 1927 eusebes,
466 1876 549 1917 weles
571 1859 709 1919 zwisalten
732 1857 918 1916 accumulem
940 1855 1070 1916 Ausluut
1095 1857 1159 1915 wael
1183 1856 1386 1915 eocubsclsem
1437 1868 1438 1877 ¹

201 1946 315 2006 Asuui
339 1948 390 2006 der
409 1941 633 2021 premmatisclee
654 1945 724 2008 Sata
749 1947 819 2005 oder
840 1946 896 2004 des
920 1945 1091 2004 rhetoriscbe
1112 1944 1210 2004 Kolsa
1233 1945 1383 2004 sclrliesst.

127 2068 131 2083 =
201 2037 312 2095 Tamen
331 2037 512 2113 comparatio
537 2037 674 2096 classium
687 2035 813 2094 duarum
831 2034 1014 2094 demonstrat
1030 2032 1111 2092 haud
1134 2036 1179 2092 ita
1202 2050 1278 2109 esse;
1303 2053 1385 2092 nam

201 2127 227 2184 si
245 2125 420 2184 censendum
443 2128 519 2185 esset
541 2126 608 2185 illos
627 2126 725 2184 hiatus
748 2140 810 2184 esse
835 2124 997 2202 legitimos,
1023 2125 1139 2182 numeri
1160 2142 1262 2182 eorum
1284 2123 1385 2201 longe

201 2217 326 2274 maiores
344 2217 441 2275 essent
455 2234 544 2290 quam
558 2216 659 2274 classis
673 2235 705 2291 a,
725 2217 813 2290 atque
827 2232 893 2272 cum
907 2215 938 2272 iu
953 2214 1020 2271 aliis
1034 2215 1098 2271 tum
1112 2213 1145 2270 in
1158 2213 1221 2271 illis
1236 2211 1385 2290 dialogis,
1437 2206 1438 2219 ¹

202 2307 253 2380 qui
275 2305 391 2363 hiatum
416 2323 506 2379 quam
523 2303 748 2381 diligentissime
766 2304 873 2377 vitant,
891 2303 1104 2377 frequentiores
1122 2304 1227 2360 essent.
1265 2301 1384 2377 Itaque

200 2392 350 2453 lbiderico
359 2393 445 2452 Blass
460 2385 493 2474 (l.
504 2412 529 2451 a.
543 2414 572 2470 p.
584 2385 663 2474 458)
679 2392 904 2470 adstipulamur,
918 2393 978 2467 qui,
992 2393 1026 2450 ut
1040 2391 1255 2450 demonstraret
1267 2390 1331 2450 hac
1346 2393 1383 2448 in
1437 2396 1438 2431 ἲ

201 2502 232 2541 re
250 2484 327 2541 inter
344 2482 553 2560 philosophum
570 2484 601 2541 et
619 2483 766 2543 oratorem
783 2499 844 2541 esse
863 2481 1028 2555 discrimen,
1050 2480 1256 2540 Demosthenis
1274 2498 1383 2555 usum,

202 2573 253 2647 qui
273 2573 305 2629 in
325 2589 419 2647 pansa
438 2570 554 2630 hiatum
572 2571 728 2631 admittere
748 2591 807 2631 non
828 2562 1032 2651 dubitaret²⁸),
1055 2589 1122 2629 cum
1139 2587 1196 2628 usu
1214 2569 1380 2629 Platonico

201 2662 392 2738 comparavit.
438 2659 542 2720 Graeci
564 2662 657 2740 igitur
680 2662 767 2721 aliter
789 2679 879 2737 quam
901 2677 954 2719 nos
978 2661 1102 2718 sensisse
1120 2658 1272 2735 videntum
1298 2677 1380 2718 nam

202 2751 325 2827 apparet
353 2767 401 2809 eos
423 2751 455 2808 in
477 2750 601 2828 legendo
627 2769 742 2826 qnoque
765 2748 952 2810 concursibus
976 2749 1124 2808 vocalium
1146 2748 1271 2807 offensos
1293 2765 1383 2824 esse,
1437 2772 1438 2777 ¹

201 2839 280 2914 quod
298 2840 389 2898 etiam
404 2838 504 2899 (licere
522 2840 570 2899 vel
589 2841 692 2899 auctor
710 2839 772 2899 eius
787 2837 915 2898 Graecus
934 2837 1099 2916 significare
1113 2837 1232 2897 videtur
1244 2837 1290 2895 his
1304 2857 1378 2896 ver-

200 2927 245 2988 bis
265 2920 320 3010 (or.
340 2920 467 3009 §150):
485 2931 568 2988 utin
586 2928 737 3005 legendo
756 2928 894 3001 oculus,
912 2930 954 2987 sic
973 2929 1088 2986 animus
1106 2927 1138 2985 in
1152 2925 1276 2985 dicendo
1294 2946 1381 3003 pro·

201 3018 333 3094 spiciei
361 3016 432 3093 quid
459 3020 643 3093 sequatur,
675 3038 712 3077 ne
739 3020 977 3077 extremorum
1004 3015 1194 3076 verborum
1221 3035 1288 3076 eum
1316 3017 1381 3074 in—

201 3106 434 3181 sequentibus
453 3109 577 3184 primis
597 3124 790 3167 concursus
810 3109 862 3166 aut
879 3106 1023 3165 hiulcas
1037 3123 1141 3166 voces
1160 3105 1305 3164 efficiat
1321 3109 1382 3164 aut

202 3213 327 3272 asperas.
365 3194 468 3255 Simile
484 3196 632 3271 quoddam
650 3196 775 3257 fortasse
794 3198 890 3256 exstat
909 3195 988 3271 apud
1001 3195 1161 3254 Britannos
1180 3195 1212 3253 in
1229 3195 1290 3253 illis
1307 3214 1380 3254 ver·

201 3302 287 3343 suum
309 3285 462 3359 clausulis,
486 3304 561 3360 quae
583 3305 643 3346 non
666 3285 830 3361 auribus,
855 3284 905 3345 sed
929 3284 1043 3344 oculis
1062 3286 1224 3344 consonant
1243 3275 1378 3365 (nostra
1437 3344 1438 3355 ,

201 3376 277 3433 tium
293 3366 539 3456 labeslaum

208 3488 419 3531 ”··-ι“

290 3550 323 3598 23
347 3544 467 3599 Praebet
480 3543 568 3614 igitur
576 3544 695 3599 eundem
705 3562 799 3612 usum,
814 3559 897 3613 quem
905 3543 1041 3599 Isocrates
1055 3543 1085 3596 in
1095 3542 1268 3598 orationibus
1282 3543 1378 3599 foren-

201 3617 278 3671 sibus
288 3546 334 3687 (ο).
342 3614 481 3677 Benseler.
501 3616 519 3669 l.
530 3633 558 3691 c.
568 3634 595 3686 p.
607 3621 639 3670 61
648 3618 708 3686 sq),
722 3634 786 3671 cum
798 3617 846 3671 hic
859 3616 954 3670 rhetor
966 3614 997 3668 in
1010 3615 1110 3670 ceteris
1125 3614 1299 3669 orationibus
1308 3631 1377 3671 con-

201 3705 311 3742 cursum
328 3686 480 3754 vocalium,
498 3688 547 3741 ubi
565 3688 785 3758 interpnngitm,
803 3687 892 3742 vitare
911 3687 1001 3742 soleat
1018 3686 1063 3758 (cf.
1083 3686 1221 3741 Benseler.
1240 3705 1267 3757 p.
1283 3690 1338 3757 13).

290 3760 334 3829 24)
352 3758 525 3829 legimuse.
544 3778 584 3829 gr
603 3759 634 3814 in
652 3758 767 3828 Byronii
786 3759 955 3814 carminibus
973 3759 1070 3814 Heius
1087 3759 1121 3825 of
1134 3758 1253 3814 idleuess
1269 3759 1375 3815 Trans·

202 3831 290 3886 letica
306 3832 378 3898 from
398 3829 523 3886 Catullus
541 3833 634 3900 (carm.
654 3830 717 3900 nb:

454 3901 493 3956 Ye
512 3900 624 3971 llttpids,
642 3904 729 3972 clroop
745 3903 810 3959 caele
827 3903 895 3958 little
912 3902 991 3969 leuci,

448 3973 511 4028 Nor
529 3972 565 4028 let
581 3990 652 4043 potu
668 3974 756 4044 celeps
773 3974 867 4029 witb'
850 3989 908 4057 acy
921 3974 951 4028 be
968 3971 1077 4043 spread,

449 4045 503 4115 My
521 4043 644 4100 Lesbiu's
661 4045 799 4111 fuscariis
816 4046 908 4101 bird
895 4061 920 4100 cs
937 4044 1019 4111 dead

489 4142 588 4197 Wltom
606 4141 701 4198 dearer
718 4142 786 4198 uun
802 4143 850 4198 ber
867 4158 927 4215 epea
943 4143 989 4197 slve
1006 4143 1119 4198 luced.-

450 4213 511 4268 Fer
527 4214 560 4268 be
577 4229 634 4268 was
650 4215 746 4284 peutle,
764 4214 822 4269 ared
839 4229 869 4270 so
886 4221 955 4282 true,

451 4283 580 4342 Obeclieut
597 4291 624 4340 to
641 4285 689 4340 ter
706 4285 760 4341 call
777 4286 809 4340 be
826 4286 893 4354 flew,

448 4356 495 4411 No
512 4357 581 4424 tear,
598 4373 636 4412 uo
653 4356 721 4411 will
738 4357 827 4412 alcum
843 4358 876 4411 he
892 4358 975 4412 buu

485 4427 545 4482 But
563 4428 659 4499 22⁷9ou
677 4428 732 4482 o'er
749 4429 796 4483 ter
814 4428 903 4483 boumn
922 4427 1042 4483 moves.
