2908 4982
605 1114 650 1239 L,

126 1346 259 1407 Platonis
274 1366 308 1406 ex
322 1348 440 1423 scriptis
454 1328 539 1423 quasi
558 1346 686 1424 quodam
700 1350 801 1407 sancto
816 1350 1000 1427 augustoque
1014 1349 1096 1408 fonte
1115 1368 1207 1426 qnan-

7 1441 73 1497 tae
98 1454 152 1496 res
172 1437 210 1496 ad
233 1453 333 1497 omnes
351 1438 490 1496 scientias
507 1439 688 1515 pertinentes
706 1440 857 1497 manarint
875 1440 940 1514 quis
960 1440 1005 1498 est
1023 1440 1094 1515 quin
1113 1437 1208 1499 sciat?

7 1528 141 1604 Neque
160 1529 218 1586 erit
236 1528 307 1603 quin
326 1526 525 1603 compluribus
547 1526 610 1586 eius
627 1526 711 1587 libris
729 1527 867 1605 perlectis
885 1546 995 1606 magna
1013 1527 1208 1588 delectatione

9 1620 127 1694 atque
147 1616 342 1676 admiratione
360 1635 420 1675 non
439 1617 534 1676 solum
552 1636 659 1692 rerum,
678 1636 753 1693 quae
771 1619 873 1692 insint,
890 1616 941 1676 sed
960 1619 1051 1677 etiam
1069 1617 1208 1678 dictionis
1283 1667 1284 1670 ,

10 1707 194 1783 afficiatur.
213 1705 363 1775 Quantum
371 1705 505 1766 Platonis
519 1706 620 1785 generi
629 1706 745 1767 dicendi
758 1706 964 1786 investigando
976 1709 1037 1766 iam
1051 1708 1208 1784 scriptores

11 1799 151 1857 veteres
169 1814 201 1855 se
219 1795 364 1871 dederint,
382 1798 506 1873 apparet
524 1813 559 1855 er
576 1796 678 1856 libello
697 1793 769 1871 περὶ
782 1790 900 1870 ὕψους
920 1815 954 1856 ao
967 1798 1076 1856 nostris
1091 1816 1207 1875 quoque

9 1882 232 1964 temporibus,
258 1888 430 1963 postquam,
445 1884 481 1944 ab
510 1888 607 1945 aetate
635 1885 893 1946 Schleiermaoheri
920 1886 1052 1946 studium
1074 1885 1207 1948 Platonis

13 1976 217 2055 praeclarius
231 1975 369 2050 efflomit,
381 1977 413 2033 in
427 1993 560 2034 sermone
575 1994 609 2035 ac
623 1975 750 2036 dictione
764 1976 851 2036 huius
861 1978 1012 2053 scriptoris
1022 1975 1208 2055 dialogorum

13 2065 220 2143 inquirendis
234 2065 323 2124 multi
335 2065 394 2124 viri
407 2063 488 2124 docti
498 2067 608 2126 versati
622 2068 699 2125 sunt.
723 2066 834 2125 Tamen
848 2085 883 2125 ex
895 2065 942 2124 his
953 2064 1207 2127 observationibus

15 2159 235 2234 temporum
253 2154 438 2233 dialogorum
451 2157 537 2215 notas
553 2156 616 2232 peti
633 2173 719 2233 posse
737 2156 784 2214 illi
801 2154 932 2214 nondum
946 2155 1161 2215 intellexerunt.

124 2243 190 2314 Quo
209 2243 328 2321 quidem
340 2246 507 2321 temporum
522 2245 623 2304 ordine
637 2244 771 2305 Platonis
785 2244 1129 2321 libri'conscriberentur,
1147 2247 1208 2305 iam

20 2355 65 2395 ex
84 2335 184 2394 multo
202 2336 334 2412 tempore
354 2333 506 2394 enucleare
524 2336 582 2394 viri
600 2334 681 2394 docti
695 2336 794 2394 conati
812 2337 896 2410 sunt,
915 2333 966 2395 sed
984 2353 1051 2394 oum
1070 2353 1170 2395 omnes
1189 2354 1207 2394 a

22 2425 159 2484 consilio
178 2423 362 2502 singulorum
379 2423 524 2484 librorum
542 2427 604 2484 eta
622 2426 737 2484 ratione
750 2426 828 2484 inter
843 2424 912 2484 illos
926 2424 1126 2484 intercedente
1139 2444 1207 2503 pro-

21 2516 105 2575 fecti
124 2516 232 2589 essent,
249 2514 395 2574 maximus
414 2515 496 2574 ortus
516 2517 561 2574 est
578 2514 734 2574 dissensus.

124 2603 229 2680 Itaque
248 2604 308 2663 alia
325 2604 376 2663 via
394 2607 458 2663 erat
475 2603 614 2679 ineunda,
632 2623 692 2680 qua
710 2605 836 2664 certiora
854 2604 932 2663 effici
948 2605 1078 2680 possent.
1114 2602 1208 2672 Quem

25 2693 70 2752 ad
89 2692 180 2752 finem
199 2694 353 2770 aptissima
368 2696 413 2753 est
429 2693 595 2754 observatio
610 2695 761 2770 sermonis,
779 2712 937 2771 quaecum
951 2693 1018 2752 aliis
1036 2690 1124 2752 rebus
1142 2696 1207 2753 tum

26 2803 66 2842 eo
86 2782 168 2859 quod
191 2783 443 2859 „simpliciorest
465 2787 495 2843 et
518 2782 556 2842 ad
571 2801 759 2843 communem
776 2783 961 2842 intellectum
980 2782 1207 2859 accomodatior,

26 2892 62 2934 se
82 2871 283 2949 commendat3
305 2872 361 2932 hac
378 2875 410 2931 in
433 2893 464 2932 re
483 2875 562 2933 enim
579 2873 691 2932 nullius
710 2875 824 2950 opinio,
847 2871 898 2932 sed
922 2873 977 2933 soli
1000 2873 1115 2931 numeri
1133 2871 1207 2931 nudi

26 2965 95 3023 vim
112 2962 220 3021 habere
245 2960 389 3039 possunt“
409 2955 460 3045 (ab
479 2955 606 3046 Arnim)
645 2961 742 3022 Genus
766 2962 883 3022 dicendi
902 2962 1030 3022 cuiusvis
1054 2962 1207 3038 scriptoris

27 3055 67 3111 nt
84 3052 150 3129 ipse
168 3052 205 3111 ab
224 3053 322 3111 aetate
343 3052 468 3128 pendet3
492 3056 581 3129 atque
605 3071 672 3112 cum
690 3072 725 3112 ea
742 3052 889 3129 paulatim
911 3051 1022 3110 mutari
1041 3052 1124 3111 solet.
1161 3049 1206 3110 De

28 3142 160 3201 Platone
177 3159 294 3217 quoque
311 3159 374 3200 rem
391 3144 436 3201 ita
454 3161 484 3202 se
502 3141 609 3202 habere
628 3141 768 3201 arbitrari
785 3142 863 3201 licet.
900 3141 1088 3200 Perlucidum
1107 3142 1207 3199 autom

31 3234 78 3291 est
95 3248 154 3308 quo
173 3233 238 3307 quis
252 3233 378 3309 scriptor
390 3233 486 3292 maius
500 3232 642 3309 temporis
657 3232 788 3308 spatium
801 3231 1022 3308 complectatur,
1041 3248 1075 3289 eo
1089 3229 1207 3289 dicendi

31 3340 140 3400 genere
156 3321 288 3398 singulos
302 3324 364 3381 eius
378 3321 469 3382 libros
482 3323 578 3399 magis
591 3324 670 3380 inter
683 3338 713 3380 se
728 3320 843 3380 differre
858 3339 950 3396 eoque
963 3338 1017 3380 nos
1030 3320 1063 3378 in
1077 3319 1206 3379 dictione

31 3409 242 3489 investiganda
255 3409 293 3469 ad
308 3413 433 3470 certiora
447 3413 598 3489 pervenire
613 3428 705 3488 posse.
723 3409 859 3470 Platonis
873 3428 963 3488 opera
974 3410 1012 3469 ad
1025 3409 1102 3469 hano
1114 3412 1206 3469 ratio·

32 3519 102 3559 nem
114 3499 201 3560 valde
215 3501 401 3576 respondent,
420 3501 499 3577 qnod
513 3520 556 3576 ea,
570 3519 696 3577 quornm
709 3500 853 3559 nonnulla
866 3502 939 3559 satis
954 3500 1053 3576 ampla
1071 3501 1149 3573 sunt,
1168 3499 1206 3558 ad

34 3591 252 3667 quinquaginta
265 3590 326 3649 fere
340 3609 431 3651 annos
445 3593 603 3671 pertinent,
622 3609 680 3666 quo
693 3592 825 3668 tompore
839 3591 966 3648 maxime
980 3606 1075 3648 sermo
1087 3588 1206 3648 Atticus

34 3678 233 3739 conformatus
248 3681 300 3738 est.
331 3679 389 3738 Illa
402 3683 486 3740 varia
500 3679 638 3740 dictionis
651 3682 802 3739 momenta
815 3679 944 3738 numeris
959 3676 1149 3738 describenda
1167 3677 1206 3736 ad

35 3769 255 3846 chronologiam
264 3769 500 3830 constituendam
510 3769 643 3828 adhiberi
651 3771 782 3848 possunt.
800 3767 1206 3846 At-utDittenbergerum

36 3850 86 3940 (cf.
99 3858 228 3917 Hermae
245 3859 317 3917 tom.
331 3857 410 3917 XVI.
430 3860 492 3944 321
505 3850 582 3940 sqq.)
597 3877 755 3935 sequamur
769 3891 811 3899 -
826 3877 947 3935 operam
964 3856 1130 3935 perdamus,
1147 3859 1206 3917 nisi

36 3947 71 4006 de
93 3947 242 4006 nonnullis
265 3948 385 4023 quidem
408 3950 546 4023 sciamus,
569 3969 640 4007 num
658 3949 690 4007 hi
712 3950 837 4025 priores,
861 3948 908 4007 illi
930 3949 1107 4026 posteriores
1125 3944 1205 4007 sint?

37 4036 94 4096 Sed
112 4039 223 4114 optimo
241 4040 305 4096 iure
323 4039 485 4097 existimari
502 4039 601 4115 potest
613 4038 793 4116 Apologiam
810 4036 940 4097 Socratis
959 4039 1057 4097 aetate
1071 4037 1204 4097 Platonis

37 4128 131 4203 prima
159 4129 269 4201 ortam,
303 4125 478 4187 Conuiuium
508 4128 586 4186 circa
614 4147 723 4187 annum
756 4127 818 4186 385
847 4130 1061 4204 conscriptum,
1091 4125 1205 4204 Legum

38 4215 189 4276 duodecim
205 4215 296 4276 libros
315 4233 388 4293 opus
406 4219 587 4293 postremum
606 4234 675 4276 esse.
695 4249 737 4257 —
756 4215 934 4293 Priusquam
952 4217 990 4275 ad
1011 4218 1122 4292 scripta
1139 4234 1204 4293 per-

39 4304 178 4382 quirenda
191 4305 392 4381 procedamus,
409 4306 624 4382 providendum
638 4308 691 4380 est,
707 4309 741 4366 ut
754 4307 830 4366 tales
844 4308 985 4366 sermonis
999 4306 1205 4383 proprietates,

40 4415 110 4470 quae
133 4394 171 4453 ad
194 4394 413 4474 chronologiam
439 4397 527 4455 utiles
551 4413 613 4455 esse
637 4398 769 4473 possint,
791 4397 952 4475 eligantur,
980 4412 1079 4455 omnes
1105 4396 1204 4453 antem

39 4503 94 4562 res,
120 4503 196 4562 quae
224 4488 305 4545 casui
327 4485 504 4562 debeantur,
532 4488 705 4547 eximantur.
748 4485 821 4544 Inde
848 4488 973 4564 apparet
994 4482 1205 4562 postulandum
