2908 4982
220 242 285 308 276
729 242 760 296 G.
775 241 879 298 Janell:

309 411 352 470 Ut
374 414 509 471 accurate
531 412 752 491 intellegamus,
775 414 848 488 quot
870 430 1027 473 concursus
1050 414 1198 473 vocalium
1220 412 1312 489 apud
1340 410 1408 469 Pla·

221 505 321 560 tonem
346 504 535 562 inveniantur
558 504 666 577 quique
691 521 751 561 non
778 504 879 562 vitiosi
906 501 1084 578 habeantur,
1109 502 1344 580 proficiscemur
1374 500 1409 559 ab

221 593 258 650 iis
281 590 421 668 dialogis,
445 609 518 666 qnos
540 610 666 668 parvum
687 591 825 651 hiatuum
846 611 1000 651 numerum
1023 591 1162 669 praebere
1180 592 1327 652 Blassius
1357 608 1409 648 nos

223 679 315 740 docet.
347 680 383 739 In
401 680 457 740 hoc
471 683 571 740 autem
583 699 705 741 numero
719 680 845 740 ducendi
858 683 928 741 sunt
943 680 1084 759 sophista
1097 681 1240 742 Politicus
1254 683 1412 742 samaeus

225 768 332 829 Critias
351 769 490 829 Philebus
508 769 621 850 Legum
639 770 708 830 libri
726 771 792 830 XII.

312 859 411 918 Facile
433 860 617 939 intellegitur
638 863 670 919 in
692 861 796 939 lingua
814 858 926 919 Graeca
949 860 1080 921 studium
1102 861 1201 922 hiatus
1220 859 1354 920 vitandi
1375 858 1413 917 ab

222 950 308 1008 initio
327 950 457 1025 positum
471 968 539 1009 esse.
567 949 720 1009 Accedunt
736 953 814 1009 enim
828 949 866 1008 ad
879 950 955 1008 illud
968 966 987 1010 ν
1003 945 1237 1026 tacianensis,
1251 968 1318 1026 qno
1338 948 1413 1008 sub·

222 1037 298 1097 sidio
320 1038 424 1116 lingua
443 1038 555 1099 Graeca
577 1040 662 1115 quasi
684 1041 829 1098 instructa
852 1042 896 1099 est
919 1038 957 1098 ad
979 1039 1095 1099 hiatum
1116 1039 1287 1115 vitandum,
1315 1039 1413 1098 elisio

222 1129 252 1186 et
266 1128 469 1205 apostrophus.
502 1128 580 1188 Nam
599 1130 826 1189 consentaneum
840 1132 885 1188 est
902 1148 937 1187 ex
950 1127 988 1188 iis
1006 1129 1167 1206 vocahbus,
1181 1148 1312 1206 quarum
1335 1147 1413 1187 con-

222 1220 317 1276 cursio
343 1236 409 1276 cum
432 1219 499 1276 aliis
521 1238 674 1295 nunquam
699 1217 843 1278 offendere
867 1221 993 1295 poterit,
1020 1222 1131 1296 primas
1157 1237 1219 1279 esse
1244 1237 1296 1278 eas
1324 1237 1412 1294 quae
1437 1222 1438 1285 l

222 1306 293 1366 elidi
314 1309 443 1382 possint:
467 1307 523 1367 hae
546 1326 559 1367 s
601 1303 654 1368 tii
673 1299 711 1389 (e.
730 1328 773 1387 gr.
796 1310 828 1366 in
850 1307 971 1368 vocibus
997 1305 1088 1380 δόξα,
1108 1304 1162 1383 μία
1180 1300 1259 1389 616),
1284 1324 1315 1380 ε,
1342 1323 1380 1378 ο;
1402 1323 1411 1364 ι
1437 1302 1438 1317 ’

222 1388 268 1477 (in
290 1395 441 1456 vocabulis
464 1391 639 1469 ἀνάγνωθι,
663 1391 735 1471 εἰμι,
762 1391 1008 1472 ἀγανακτήεαιμι
1032 1400 1095 1474 616,
1120 1418 1189 1459 666
1212 1401 1244 1457 16
1266 1398 1317 1458 his
1351 1412 1410 1472 μη-

222 1480 302 1556 δενί,
328 1479 397 1545 ὄντι
420 1488 509 1562 atque
533 1478 622 1568 aliis)
658 1485 751 1545 Porro
775 1486 846 1545 elidi
868 1489 992 1564 possunt
1011 1485 1047 1548 αι
1068 1489 1101 1547 16
1119 1490 1200 1548 exitu
1214 1520 1255 1529 —
1271 1489 1331 1548 θαι
1363 1488 1410 1545 in-

221 1574 343 1649 finitivi,
367 1572 404 1635 ὂῐ
422 1578 455 1634 in
476 1576 630 1652 particulis
655 1571 739 1650 ἤτοι,
765 1572 879 1647 καίτοι,
903 1572 1020 1652 μέντοι.
1065 1577 1130 1637 Hae
1150 1578 1286 1637 elisiones
1306 1579 1411 1636 etiarn

222 1663 253 1722 in
267 1663 389 1740 syllabis
404 1667 498 1724 acutis
516 1666 715 1742 inveniuntrr,
734 1661 882 1726 61161661
901 1659 1070 1742 ἀθυμῶμεν
1089 1659 1192 1748 (Soph
1209 1668 1272 1726 264
1283 1658 1329 1749 Β)
1348 1667 1409 1724 616.

310 1752 392 1812 Idem
408 1754 486 1829 quod
505 1754 541 1813 de
555 1754 686 1829 elisione,
704 1753 860 1814 dicendum
879 1758 924 1815 est
942 1755 978 1814 de
993 1756 1183 1833 apostrophe,
1202 1775 1278 1832 qnae
1299 1756 1410 1815 exstat
1437 1774 1439 1853 y

222 1844 254 1900 in
275 1837 425 1920 (ἐ)θέλειν
448 1846 479 1902 61
496 1839 659 1922 (ἐ)κεῑνοε,
683 1846 713 1903 61
731 1845 821 1920 crasi,
844 1864 904 1921 qua
927 1840 990 1916 ἐγὼ
1010 1840 1096 1920 οἶμαι
1120 1841 1303 1926 111ἐγῷμαι.
1345 1843 1408 1902 His

224 1931 357 1990 omnibus
376 1935 504 2010 exceptis
524 1936 613 1994 ceteri
630 1934 730 1993 hiatus
749 1936 860 2009 cuncti,
884 1951 957 2010 quos
976 1929 1095 2010 quidem
1113 1936 1328 2010 invenerimus,
1357 1935 1408 1991 ta·

222 2020 300 2080 bulis
317 2023 426 2081 nostn's
445 2024 609 2083 enumerati
627 2025 704 2083 sunt.
742 2023 869 2083 Exstant
887 2026 987 2083 autem
1003 2027 1035 2084 in
1055 2024 1227 2102 Sophiste
1243 2024 1290 2084 hi:

310 2176 339 2266 Ι)
361 2185 424 2244 130
442 2185 538 2244 6116611
555 2186 704 2261 particula
721 2181 781 2246 καί
880 2187 897 2244 7
920 2186 1016 2245 effecti
1038 2180 1067 2245 τί
1086 2187 1133 2246 vel
1152 2203 1181 2245 τι

383 2275 423 2332 22
487 2319 504 2350 „
555 2276 772 2352 praepositione
880 2276 898 2332 2
963 2320 980 2351 „
1036 2267 1102 2357 1114)

413 2418 422 2439 ,
594 2360 680 2438 περί
881 2366 897 2423 1
918 2365 1037 2424 effectus
1057 2356 1142 2446 diff)

362 2454 425 2512 113
489 2497 505 2529 „
558 2445 727 2535 articulo¹⁴)
881 2455 897 2512 1
963 2499 980 2529 „
1054 2445 1126 2624 6114)

384 2544 426 2602 70
488 2587 505 2617 ,,
556 2543 713 2622 negatione
731 2538 771 2618 μή
881 2545 897 2602 1
963 2587 980 2618 ,,
1053 2535 1112 2602 1014
1144 2541 1307 2621 particulis.

347 2767 411 2823 vm
424 2774 449 2835 4,
462 2772 484 2851 Ι3
503 2767 571 2839 ἀ[ε]1
589 2769 756 2840 ἀν[απλέα
773 2773 824 2822 roll
844 2768 984 2894 ιώματοε)
1000 2770 1099 2824 ἐξιέναι

351 2839 430 2894 codd.
450 2838 509 2910 (rb.)
528 2841 638 2894 ἀε1τ60
657 2842 783 2907 (ώματοε
801 2840 951 2894 ἀναπλέα
985 2841 1069 2895 ξιέναι
1087 2870 1122 2880 -

312 2947 372 3002 Hae
394 2947 483 3019 igitur
508 2949 573 3001 sunt
597 2947 656 3001 fere
681 2946 900 3016 discrepantiae,
926 2963 999 3015 quae
1021 2947 1095 3001 inter
1117 2963 1240 3017 papyros
1264 2945 1401 3002 Lachetis

224 3018 438 3088 Phaedonisque
457 3021 486 3073 61
504 3018 650 3088 optimos
669 3018 828 3073 codices-
846 3034 912 3074 nam
925 3018 1075 3077 nonnullos
1094 3017 1203 3073 codices
1222 3017 1401 3087 „deterio-

224 3096 298 3145 rcs“
330 3106 530 3159 nonnunquam
557 3107 620 3145 curn
646 3090 762 3161 papyris
794 3090 950 3146 consentire
978 3092 1096 3161 apparet
1123 3106 1157 3144 cx
1184 3088 1401 3159 quaestionibus

224 3162 336 3217 Hornae
355 3163 399 3233 (cf.
414 3162 502 3217 Blaes.
521 3162 539 3216 l.
560 3178 584 3217 a.
603 3175 631 3232 p.
648 3168 698 3217 161
709 3165 780 3233 sqq.)
800 3195 833 3204 -
852 3165 970 3218 exstant.
1009 3162 1064 3216 Sed
1081 3164 1179 3217 tantae
1197 3179 1254 3217 non
1272 3162 1347 3228 sunt,
1366 3161 1402 3213 ut

225 3234 313 3289 nostri
330 3233 460 3290 hiatuum
478 3234 586 3289 numeri
603 3234 686 3289 valde
706 3235 850 3289 immutari
866 3235 982 3304 possint.
1020 3234 1108 3288 Plane
1127 3236 1221 3288 autem
1238 3250 1296 3288 non
1313 3231 1401 3286 intel·

224 3304 357 3376 legimus,
377 3305 515 3374 quomodo
533 3305 683 3360 Mahaffius
702 3306 795 3360 dicere
812 3306 902 3375 possit
920 3306 1125 3378 (0166019166
1143 3306 1274 3362 1116616166
1291 3306 1323 3360 in
1342 3305 1401 3358 The

226 3377 465 3434 Flacca-Petro
482 3378 590 3449 papyri
606 3377 626 3430 I.
645 3396 673 3448 p.
689 3382 723 3431 34
733 3379 797 3448 sq.):
834 3378 891 3433 The
907 3378 1059 3449 fraymcats
1076 3378 1111 3445 cf
1124 3378 1166 3433 tte
1181 3393 1308 3448 papyrus
1325 3376 1400 3432 stow

224 3450 257 3504 16
269 3450 372 3504 6666661
379 3450 473 3520 places
485 3468 505 3504 6
517 3449 643 3518 complete
656 3449 799 3521 dbrcyosrd
811 3450 856 3517 for
869 3450 928 3505 11161
942 3450 994 3504 law
1002 3449 1163 3519 forbiddr'oey
1173 3449 1316 3504 1161116166
1327 3490 1332 3500 .
1346 3490 1351 3500 .
1365 3489 1371 3502 .
1383 3488 1400 3516 .,

224 3521 310 3575 6611666
327 3536 387 3576 our
404 3521 589 3577 medinensi
606 3527 693 3577 texta
710 3521 810 3576 avoid
831 3521 877 3575 its
894 3521 1064 3576 violatioa
1081 3521 1117 3603 by
1134 3537 1153 3573 6
1170 3537 1240 3576 arere
1257 3519 1399 3575 6661611661

225 3593 258 3647 io
270 3593 313 3648 the
326 3593 405 3648 order
417 3594 451 3661 of
459 3594 502 3648 the
514 3593 610 3648 worda
642 3591 716 3646 Nam
734 3591 769 3647 de
787 3590 868 3646 hiatu
881 3591 970 3647 vitato
988 3606 1080 3659 neque
1097 3609 1128 3645 rn
1141 3589 1292 3646 Phaedone
1305 3606 1399 3658 neque

225 3662 256 3717 in
274 3662 396 3718 Lachete
415 3663 534 3734 cogitari
551 3680 633 3734 posse
653 3663 749 3718 statim
768 3680 802 3718 ex
820 3662 963 3718 codicibus
982 3664 1107 3733 apparet.

315 3734 395 3801 Quod
414 3737 509 3789 autem
525 3735 628 3806 papyri
645 3735 776 3790 Lachetis
798 3734 958 3806 fragmenta
975 3734 1134 3804 nuperrime
1153 3733 1333 3804 Oxyrhynchi
1354 3732 1398 3787 in-

226 3807 310 3861 venta
329 3822 362 3861 ac
379 3806 486 3877 publici
504 3806 573 3860 iuris
591 3807 668 3862 facta
680 3807 762 3861 nobis
780 3809 892 3877 praesto
905 3823 962 3861 non
981 3806 1053 3874 sunt,
1071 3806 1153 3861 valde
1167 3806 1308 3875 dolemus,
1327 3806 1398 3860 satis

225 3878 330 3933 multae
340 3880 435 3932 autem
447 3878 618 3934 mutationes
631 3878 703 3933 haec
712 3895 823 3947 quoque
831 3879 966 3949 praebere
980 3877 1175 3933 etPridericue
1185 3878 1266 3932 Blass
1275 3877 1396 3948 benigne

226 3949 372 4004 nobiscum
390 3949 605 4004 communicavit
622 3952 652 4005 et
669 3966 744 4004 nunc
754 3950 987 4005 Wilarnowitaius
1005 3949 1072 4004 edit.
1091 3967 1156 4021 pap.
1174 3949 1276 4020 Oxyrh.
1295 3949 1346 4004 vol.
1361 3948 1394 4002 11.

228 4037 325 4076 censor
342 4022 425 4076 docet
443 4021 525 4092 (Osa.
543 4021 599 4077 cer.
619 4024 786 4089 Arca1900,
805 4040 832 4092 p.
847 4027 881 4076 38
891 4025 969 4093 sqq).
991 4053 1023 4062 -
1043 4020 1146 4077 Contra
1164 4021 1219 4077 duo
1238 4021 1395 4093 fragmenta

227 4092 352 4147 Platonis
371 4093 438 4164 leg
464 4136 468 4145 .
489 4092 650 4165 (1118621).
669 4093 700 4147 E.
729 4098 781 4148 863
791 4094 824 4147 Α.
843 4094 876 4164 Β)
895 4096 924 4149 61
941 4093 1096 4163 Reipubl.
1117 4092 1152 4164 (X
1170 4092 1394 4162 60711-60811)

227 4164 279 4219 vol.
296 4164 319 4291 lI).
347 4181 411 4290 ξιιμ.
440 4112 542 4234 bryrh.
571 4163 648 4219 edita
675 4164 733 4220 fere
765 4165 864 4220 eadem
895 4166 980 4221 verba
1006 4164 1144 4232 Platonis,
1177 4180 1250 4233 quae
1278 4163 1393 4231 codices,

247 4252 296 4291 rae
316 4252 371 4291 en.

227 4254 246 4305 p
318 4309 360 4378 14)
379 4307 481 4379 Agitur
493 4307 547 4363 hoc
559 4308 621 4364 loco
636 4308 671 4363 de
685 4307 721 4363 iis
735 4309 922 4376 concursibus,
941 4309 990 4378 qui
1004 4309 1075 4363 fiunt
1093 4306 1242 4364 articulo
1260 4308 1305 4362 vel
1319 4306 1393 4376 11661

229 4379 257 4434 εἰ
275 4379 319 4438 sel
337 4381 361 4434 ὡ
380 4383 410 4434 61
428 4383 592 4447 sequente
609 4380 746 4435 vocabulo
766 4381 869 4450 aliquo.

318 4453 361 4523 15)
379 4451 482 4524 Agitur
499 4451 534 4507 de
552 4452 588 4507 iis
606 4452 689 4520 locis,
712 4452 814 4521 quibus
833 4456 872 4508 ἄν
890 4468 953 4506 6616
975 4452 1123 4508 relativo
1147 4452 1325 4507 coniunctum
1343 4452 1390 4505 est.
