2908 4982
484 256 667 323 Quaestiones
684 257 855 313 Platonicae.
1186 256 1251 323 273

86 429 167 487 tutte
190 445 221 487 er
243 423 334 499 λόγοι
359 422 551 503 (ωκρατικοί
578 428 643 487 dcco
665 428 878 487 Iaolcrotisclca
898 428 1064 501 Hiotpcsetr
1085 428 1259 497 aurasicae

84 519 178 594 putat
195 520 288 595 igitur
301 516 371 576 inde
385 517 422 575 ab
436 519 473 576 iis
488 516 606 575 demum
620 517 755 595 dialogis,
773 517 805 574 in
824 517 930 591 quibus
950 517 1015 585 „dic
1026 517 1259 592 Vertlilclatipwnp

83 609 138 666 des
159 606 381 683 Sokratestppus
403 609 550 675 cintretc“,
574 607 691 665 hiatum
715 609 810 665 vitare
836 605 956 666 Platoni
980 606 1105 665 licuisse.
1147 605 1258 664 Tamen

83 699 118 755 et
135 695 290 772 Philebus,
313 716 371 773 quo
389 698 421 755 in
440 696 558 773 dialogo
578 695 712 755 Socrates
738 698 801 755 sine
819 694 909 755 dubio
928 697 1134 773 protagonista
1152 697 1197 754 est
1216 727 1256 735 —

82 786 117 844 id
136 785 216 862 quod
235 786 419 845 Immischius
438 806 466 862 p.
483 786 556 860 448,
576 787 594 842 2
614 788 633 844 1.
647 785 667 843 f.
683 784 776 860 affert,
794 784 925 844 huonon
942 774 1072 861 pertinet
1087 817 1127 825 —
1142 784 1259 844 hiatum

81 878 182 935 vitare
201 878 324 936 conatur
347 878 377 935 01
398 877 498 952 partes
522 875 665 950 quasdam
683 874 824 949 Phaedri,
847 893 905 950 quo
928 876 960 932 in
983 873 1103 953 dialogo
1122 873 1258 934 Socrates

81 968 241 1042 tamquam
267 982 405 1041 praesens
433 968 501 1024 ante
529 964 629 1023 oculos
656 965 771 1023 nostros
800 964 973 1024 obversatur
1001 955 1050 1045 (cf.
1074 984 1123 1039 pp.
1143 965 1205 1024 229
1220 962 1256 1021 Α.

82 1056 152 1113 230
163 1045 215 1134 D),
234 1054 318 1113 illam
332 1055 428 1133 legem
442 1054 525 1130 sequi
543 1052 661 1113 studere
674 1054 808 1112 Blassius
822 1056 935 1130 optimo
948 1053 1013 1113 iure
1027 1053 1103 1112 dixit
1117 1045 1259 1134 (Attisclae

80 1137 323 1203 Beredsacalccc‘t'
340 1143 387 1203 III
406 1144 435 1217 2,
455 1135 542 1225 387).

176 1231 261 1292 Plato
279 1234 374 1310 igitur
391 1233 507 1291 hiatum
525 1235 620 1292 vitare
643 1232 835 1292 0101011000
855 1231 933 1307 quod
952 1232 1008 1292 hoc
1025 1232 1122 1290 facere
1140 1230 1258 1305 licebat,

82 1340 154 1380 cum
169 1321 320 1381 Socratem
334 1325 450 1399 aparte
468 1322 691 1400 protogenistae
708 1323 855 1398 paulatim
868 1321 1051 1381 recedentem
1069 1320 1189 1396 faceret,
1207 1320 1259 1380 sed

20 1464 25 1472 .
84 1411 167 1486 0001
184 1415 247 1489 1000
266 1415 384 1471 0000100
404 1414 448 1471 001
466 1404 578 1494 (000010
597 1431 657 1488 000
675 1403 777 1493 causa)
796 1411 891 1490 legem
905 1411 1084 1471 Isocrateam
1098 1410 1258 1486 0210000-

82 1501 190 1560 macho
209 1501 326 1561 rhetore
345 1504 497 1578 acceptam
516 1493 565 1583 (cf.
585 1501 679 1560 Blass.
698 1501 717 1560 l.
737 1520 763 1560 a
781 1500 813 1560 H
829 1493 916 1582 141),
941 1501 1054 1560 scilicet
1071 1503 1106 1559 ut
1123 1502 1155 1559 in
1173 1500 1258 1559 hiatu

82 1589 210 1649 vitando
230 1608 301 1649 cura
317 1593 490 1667 poneretur,
513 1592 610 1667 sequi,
634 1609 708 1665 quae
726 1591 822 1669 magis
840 1592 994 1669 magisque
1012 1589 1148 1650 omnibus
1167 1589 1258 1666 scrip-

82 1678 201 1738 toribus
224 1678 334 1739 Attiois
356 1679 483 1758 probata
505 1697 568 1740 esse
591 1679 708 1739 videtur
723 1713 763 1720 -
783 1699 853 1739 nam
871 1700 938 1739 cum
961 1681 1036 1739 alios
1059 1682 1124 1738 tum
1141 1679 1258 1738 Isaeum

83 1768 234 1828 rhetorem
256 1771 289 1828 in
312 1769 495 1829 orationibus
518 1771 596 1828 circa
615 1789 724 1828 annum
749 1770 813 1829 360
832 1770 1005 1847 conscriptis
1027 1770 1144 1828 hiatum
1163 1770 1258 1827 vitare

84 1858 233 1918 studuisse
248 1857 396 1918 Gustavus
409 1858 463 1917 lld.
478 1859 617 1918 Benseler
634 1859 665 1917 in
684 1857 760 1918 libro
778 1859 909 1918 1011010
926 1862 959 1918 ta
974 1860 1139 1918 oratoribus
1152 1855 1257 1916 Atticis

84 1947 300 2007 demonstravit
307 1940 359 2029 10),
380 1948 572 2007 Aristotelem
590 1949 762 2025 quoqueiis
780 1948 869 2024 10010,
892 1947 998 2024 quibus
1018 1950 1112 2025 polite
1132 1946 1257 2007 scribere

83 2036 231 2114 studeret,
256 2038 312 2097 hoc
330 2039 433 2097 1001000
452 2037 595 2116 Georgius
612 2037 720 2097 Kaibel
738 2038 888 2114 praeclare
907 2037 1037 2097 ostendit
1056 2030 1124 2120 (siu
1141 2057 1171 2097 a.
1187 2038 1260 2096 Text

84 2128 138 2185 der
162 2122 265 2202 Ἀθην.
287 2126 359 2187 πολ.
380 2147 409 2204 p.
427 2119 533 2209 9sqq.)
556 2160 606 2184 —.

642 2317 698 2396 ΙΙ.

174 2484 261 2544 Nunc
286 2488 384 2545 autem
410 2486 606 2563 disputationi
631 2503 698 2545 cum
722 2485 760 2545 iis
785 2485 857 2545 viris
883 2484 992 2559 doctis,
1017 2486 1070 2562 qui
1094 2484 1256 2544 utilitatem

82 2574 225 2651 rationis,
257 2594 332 2657 quae
360 2577 489 2635 numeris
516 2578 611 2635 certas
638 2574 775 2651 periodos
804 2575 946 2634 sermonis
974 2574 1122 2634 Platonici
1149 2575 1257 2634 consti·

83 2668 168 2723 tuere
191 2664 321 2740 studeat,
346 2666 378 2723 in
401 2664 524 2724 dubium
547 2666 668 2742 vocant,
693 2664 813 2723 habitae
835 2665 924 2724 finem
948 2664 1133 2742 imponentes
1159 2664 1257 2741 capite

85 2754 180 2812 altero
199 2753 402 2831 quaestionem
425 2753 461 2813 de
478 2755 581 2813 hiatu
603 2756 635 2813 in
653 2752 788 2814 Platonis
812 2755 930 2832 scriptis
949 2754 1036 2814 obvio
1054 2748 1257 2828 instituemus3

84 2844 135 2902 cui
153 2845 249 2921 capite
267 2844 356 2903 tertio
373 2844 591 2904 observationes
610 2844 648 2903 ad
666 2861 753 2903 usum
766 2844 981 2922 particularum
1000 2837 1123 2919 ὥςπερ
1143 2846 1173 2902 01
1191 2859 1256 2902 κα-

85 2928 206 3007 θάπερ
229 2936 409 3010 pertinentes
432 2933 653 3012 subiungendae
671 2937 748 2994 sunt.
785 2934 841 2993 His
859 2933 1081 3010 quaestionibus
1107 2931 1256 2991 autemid

86 3023 211 3100 agimus,
229 3026 264 3083 ut
280 3024 445 3083 utilitatem
462 3025 586 3082 rationis
605 3023 677 3082 viris
696 3023 790 3083 doctis
808 3023 905 3083 denuo
922 3022 1088 3100 probemus.

175 3111 361 3195 Quamquam
387 3114 449 3172 iam
472 3113 605 3172 Blassius
633 3105 665 3194 (l.
690 3132 715 3171 a.
739 3112 771 3172 H
790 3113 852 3172 458
864 3105 941 3193 000.)
966 3112 1096 3172 breviter
1120 3111 1257 3188 exposuit

84 3201 283 3277 frequentiam
305 3202 405 3262 hiatus
427 3204 458 3262 in
482 3203 549 3262 aliis
567 3201 701 3261 Platonis
724 3204 841 3279 scriptis
864 3204 955 3261 aliam
977 3220 1052 3278 esse,
1074 3202 1175 3261 tamen
1197 3220 1257 3260 non

84 3291 193 3350 inutile
211 3309 273 3352 asse
291 3292 408 3351 videtur
426 3295 521 3352 totam
540 3291 743 3367 quaestionem
761 3292 798 3351 de
815 3294 931 3371 integro
950 3293 1085 3352 tractare.

175 3379 318 3441 Isocrates
336 3384 448 3458 primus
463 3380 641 3441 Graecorum
658 3382 749 3441 101000
762 3380 888 3457 videtur,
907 3382 960 3458 001
973 3382 1089 3442 hiatum
1101 3381 1121 3438 i.
1132 3400 1155 3440 e.
1171 3399 1256 3440 voca-

86 3470 161 3528 lium
179 3488 351 3531 concursum
369 3491 459 3548 quam
476 3470 702 3550 diligentissime
720 3471 816 3531 vitare
834 3470 973 3531 studeret.
1010 3471 1075 3530 Hoc
1094 3472 1184 3530 etiam
1201 3470 1256 3528 illa

86 3559 177 3618 verba
196 3559 342 3620 affirmare
360 3560 507 3636 01100101,
526 3579 602 3636 quae
620 3560 746 3640 legimus
763 3562 796 3619 in
816 3560 917 3620 libello
936 3562 988 3636 001
1006 3561 1100 3620 fertur
1112 3560 1257 3619 Demetrii

87 3648 221 3708 Phalerei
228 3640 266 3731 11)
280 3649 316 3708 de
330 3651 494 3716 elocutione
507 3646 580 3725 περὶ
593 3646 630 3710 δὲ
644 3645 859 3725 ευγκρούεεωε
874 3645 1073 3726 φωνηέντων
1091 3644 1255 3724 ὑπέλαβον

88 3731 180 3798 ἄλλοι
203 3733 317 3799 ἄλλως.
358 3734 533 3815 Ἰεοκράτηε
556 3737 614 3814 μὲν
636 3735 697 3815 γὰρ
722 3735 920 3816 ἐφυλάττετο
944 3735 1150 3815 ευμπλήεεειν
1174 3732 1255 3797 αὐτὰ

87 3823 138 3886 καὶ
162 3822 193 3888 οἱ
215 3823 269 3887 ἀπ’
289 3824 389 3888 αὐτοῦ
409 3820 559 3911 (Spengel.
578 3829 665 3888 rhett.
685 3849 728 3907 gr.
747 3829 804 3888 vol.
824 3828 878 3886 ΙΠ.
896 3850 925 3907 p.
941 3831 1005 3888 277
1025 3846 1087 3905 cap.
1104 3819 1170 3910 68).
1201 3826 1256 3886 At-

88 3936 143 3992 que
167 3919 353 3994 quaestione,
376 3938 466 3995 quam
488 3918 626 3978 Benseler
648 3919 680 3976 in
697 3918 774 3978 libro
793 3936 883 3994 supra
905 3920 1132 3978 commemorato
1156 3915 1256 3991 subiit,

87 4004 230 4082 probatur
251 4007 412 4067 Isocratem
434 4027 501 4067 cum
523 4009 555 4066 in
578 4008 645 4068 aliis
667 4010 732 4066 turn
749 4008 782 4066 in
808 4007 990 4068 orationibus
1013 4007 1199 4067 deliberativi
1222 4023 1257 4064 ac

88 4094 311 4156 demonstrativi
333 4098 461 4176 generis,
486 4116 560 4173 quas
582 4115 636 4157 nos
661 4114 800 4157 vocamus
822 4097 1027 4167 Pruoareaeo,
1053 4115 1168 4157 summa
1190 4114 1257 4154 oum

88 4184 243 4263 diligentia
263 4187 380 4246 hiatum
397 4188 507 4248 vitasse
526 4179 576 4269 (01.
595 4187 614 4245 l.
629 4206 655 4247 0.
673 4207 701 4262 0.
719 4177 782 4267 59).
821 4185 890 4245 Sine
908 4186 998 4247 dubio
1016 4187 1072 4246 hac
1090 4203 1256 4263 quoquere

178 4393 220 4462 10)
238 4392 395 4448 Fridericus
414 4392 494 4447 Blass
512 4394 566 4448 hoc
584 4392 669 4463 paulo
688 4392 807 4448 correxit
826 4395 870 4464 (A.
886 4392 942 4446 B.¹
958 4393 984 4446 11
1002 4397 1054 4447 488
1065 4393 1123 4461 sq).

177 4466 220 4536 11)
240 4462 279 4518 sf.
298 4464 507 4520 R.Volkmanni
525 4465 591 4520 libri
610 4465 741 4521 Rhetorilc
759 4467 785 4520 d.
802 4463 1089 4532 601001.0.11100’,
1107 4481 1134 4532 p.
1150 4467 1210 4516 538.
