2908 4982
469 296 651 363 Quaestiones
669 295 839 351 Platonicae.
1173 296 1238 361 309

161 464 199 523 ib.
215 465 313 525 80οΕ
333 460 360 525 εἰ
382 464 513 540 πρῶτον
536 462 571 525 ἓν
593 460 681 526 τοῦθ’
699 460 839 539 ἡμῖν...
858 459 977 524 κείεθω
993 510 999 522 .
1015 510 1022 522 .
1038 510 1045 522 .
1064 458 1110 524 Τὸ
1129 464 1237 536 ποῖον;

64 549 228 629 Εὐφημία
245 586 290 597 -

161 642 304 701 Putamus
326 642 372 700 his
396 641 530 701 omnibus
552 644 624 701 locis
647 638 685 702 τὸ
709 641 817 713 ποῖον,
843 643 891 700 eui
915 643 968 700 illa
992 638 1067 701 τόδε
1090 641 1138 701 vel
1162 636 1239 700 τάδε

61 730 122 790 vel
144 730 247 790 τοῦτο.
266 731 467 790 antecedentia
489 730 644 806 debentur,
667 749 879 808 supervacuum
902 748 977 804 esse,
999 730 1057 789 nisi
1078 731 1238 789 hiatusvi-

62 819 158 877 tandi
177 804 266 878 causa
283 820 412 896 positum
431 823 513 879 esset.

164 907 264 967 Simile
287 908 416 972 studium
439 909 538 967 hiatus
560 907 677 967 vitandi
699 927 734 966 ex
756 926 812 967 usn
834 907 1042 967 vocabulorum
1066 903 1186 980 ἀνάγκη
1210 909 1240 965 et

65 991 258 1067 ἀναγκαῖον
285 997 474 1056 Aristotelico
502 997 533 1054 in
560 996 745 1075 dialogorum
775 997 949 1074 fragmentis
975 999 1096 1056 invento
1127 996 1239 1054 elucere

64 1083 218 1161 Georgius
240 1084 345 1143 Kaibel
369 1086 536 1144 observavit
554 1078 586 1166 (l.
607 1105 632 1143 a.
651 1105 678 1162 p.
701 1076 764 1165 10).
802 1083 933 1154 Quocum
956 1087 1120 1162 comparari
1141 1087 1240 1160 potest

65 1174 155 1248 quod
175 1172 284 1231 Critiae
297 1193 326 1249 p.
343 1173 439 1232 1140
458 1175 597 1252 legimus:
617 1176 825 1233 enumerantur
839 1175 922 1249 quini
936 1177 1046 1251 gemini
1059 1175 1191 1248 Neptuni
1210 1175 1240 1231 et

65 1261 169 1320 Clitus
183 1262 250 1320 filii:
270 1259 321 1321 ἐπὶ
333 1260 369 1321 δὲ
383 1262 450 1322 scic
463 1259 617 1336 πέμπτοι(
634 1264 680 1342 τῷ
700 1260 756 1336 μὲν
777 1257 988 1336 ἔμπροεθεν
1007 1258 1118 1335 ’azone
1136 1256 1240 1335 ὄνομα

66 1347 174 1422 ἐτέθη,
194 1353 239 1429 τῷ
259 1348 295 1409 δὲ
313 1346 433 1430 ὑττέρῳ
448 1347 644 1424 Διαπρεπήτ.
679 1349 752 1409 Cum
765 1351 900 1410 omnibus
914 1353 986 1410 loeis
1001 1350 1239 1409 antecedentibus

65 1439 187 1497 dictum
209 1442 249 1497 sit
271 1439 306 1497 de
324 1439 392 1498 filiis
411 1436 626 1513 προτέροις,
649 1438 800 1513 hocloco,
823 1442 857 1497 ut
882 1424 981 1498 biatus
999 1442 1144 1498 vitaretur
1163 1431 1238 1519 (scil.

64 1529 118 1607 τῷ
139 1525 196 1600 μὲν
220 1524 367 1607 προτέρῳ
385 1524 524 1605 Ἀζάητ),
553 1523 727 1601 ἔμπροτθεν
749 1530 880 1605 positum
903 1546 964 1587 esse
986 1529 1116 1587 videtur:
1144 1528 1239 1586 simile

67 1616 224 1691 quoddam
242 1611 292 1692 (ἐν
310 1618 356 1695 τῷ
375 1611 535 1690 ὕετερον
555 1613 621 1693 (pro
640 1612 774 1697 ὑττέρῳ)
794 1613 870 1693 ἔτει)
891 1617 969 1691 apud
987 1616 1178 1676 Aristotelem
1195 1618 1239 1674 in-

65 1705 170 1763 veniri
188 1723 288 1763 rursus
307 1704 460 1764 Kaibelius
479 1697 512 1785 (l.
533 1724 605 1780 ap.
627 1707 675 1764 13.
698 1698 774 1787 176)
794 1706 930 1765 ostendit.

163 1793 274 1851 Vereor
291 1795 384 1869 igitur
401 1813 438 1852 ne
456 1813 542 1852 nemo
560 1795 621 1852 iam
640 1793 763 1869 dubitet,
781 1797 853 1869 quin
871 1793 957 1853 Plato
977 1797 1073 1852 aetate
1091 1796 1241 1869 postrema

67 1882 208 1940 consulte
223 1881 338 1939 hiatum
356 1884 466 1941 vitarit.
498 1882 542 1941 Ac
556 1885 676 1942 tametsi
689 1883 765 1941 hanc
778 1885 973 1941 mutationem
986 1883 1043 1942 sibi
1061 1885 1191 1942 conscius
1211 1884 1241 1941 et

67 1970 109 2027 de
123 1970 271 2028 industria
284 1972 423 2045 instituit,
445 1973 548 2049 negari
566 1991 626 2029 non
638 1974 737 2046 potest
750 1989 816 2030 eam
828 1975 954 2031 maxime
969 1971 1007 2029 ad
1021 1972 1241 2048 chronologiam

70 2058 232 2134 Sophistae
251 2058 427 2134 Politicique
447 2059 631 2138 dialogorum
649 2060 856 2121 illustrandam
875 2061 988 2135 aliquid
1007 2062 1146 2120 conferre.
